BS00257808268BS106010000000067                   000000                                                                         
BS012053873530112     00001CAS                00000000              Jaguar Club of Denmark medlemskab 2017                      
BS0220538735302400000100001000000000004307000000000Merete Oreby Hansen                                                          
BS0220538735302400000200001000000000004307000000000Ulvemosen 2, 1.                                                              
BS0220538735302400000900001000000000004307000000000               2960DK                                                        
BS0220538735302400001000001000000000004307                                        000000000011                                  
BS0420538735302800000000001000000000004307000000000311220161000000003000039174                         00000000000000000        
BS0520538735302410000100001000000000004307000000000 Jaguar Club of Denmark co-driver medlemskab                                 
BS0520538735302410000200001000000000004307000000000 fra 1/1 2017 til 31/12 2017                                                 
BS0520538735302410000300001000000000004307000000000                                                                             
BS0520538735302410000400001000000000004307000000000 SWIFT-BIC: DABADKKK                                                         
BS0520538735302410000500001000000000004307000000000 IBAN: DK90 3000 0001 4645 23                                                
BS0520538735302410000600001000000000004307000000000                                                                             
BS0520538735302410000700001000000000004307000000000 Mvh. Jaguar Club of Denmark                                                 
BS0220538735302400000100001000000000002960000000000Marianne Tønnesen                                                            
BS0220538735302400000200001000000000002960000000000Søbredden 38                                                                 
BS0220538735302400000900001000000000002960000000000               2820DK                                                        
BS0220538735302400001000001000000000002960                                        000000000011                                  
BS0420538735302800000000001000000000002960000000000311220161000000003000039175                         00000000000000000        
BS0520538735302410000100001000000000002960000000000 Jaguar Club of Denmark co-driver medlemskab                                 
BS0520538735302410000200001000000000002960000000000 fra 1/1 2017 til 31/12 2017                                                 
BS0520538735302410000300001000000000002960000000000                                                                             
BS0520538735302410000400001000000000002960000000000 SWIFT-BIC: DABADKKK                                                         
BS0520538735302410000500001000000000002960000000000 IBAN: DK90 3000 0001 4645 23                                                
BS0520538735302410000600001000000000002960000000000                                                                             
BS0520538735302410000700001000000000002960000000000 Mvh. Jaguar Club of Denmark                                                 
BS0220538735302400000100001000000000002812000000000Bjarne Bruus Kristensen                                                      
BS0220538735302400000200001000000000002812000000000Smedegade 27                                                                 
BS0220538735302400000300001000000000002812000000000Ørting                                                                       
BS0220538735302400000900001000000000002812000000000               8300DK                                                        
BS0220538735302400001000001000000000002812                                        000000000011                                  
BS0420538735302800000000001000000000002812000000000311220161000000003000039176                         00000000000000000        
BS0520538735302410000100001000000000002812000000000 Jaguar Club of Denmark co-driver medlemskab                                 
BS0520538735302410000200001000000000002812000000000 fra 1/1 2017 til 31/12 2017                                                 
BS0520538735302410000300001000000000002812000000000                                                                             
BS0520538735302410000400001000000000002812000000000 SWIFT-BIC: DABADKKK                                                         
BS0520538735302410000500001000000000002812000000000 IBAN: DK90 3000 0001 4645 23                                                
BS0520538735302410000600001000000000002812000000000                                                                             
BS0520538735302410000700001000000000002812000000000 Mvh. Jaguar Club of Denmark                                                 
BS0220538735302400000100001000000000001955000000000Michael Remark                                                               
BS0220538735302400000200001000000000001955000000000Rungsted Strandvej 316                                                       
BS0220538735302400000900001000000000001955000000000               2970DK                                                        
BS0220538735302400001000001000000000001955                                        000000000011                                  
BS0420538735302800000000001000000000001955000000000311220161000000003000039177                         00000000000000000        
BS0520538735302410000100001000000000001955000000000 Jaguar Club of Denmark co-driver medlemskab                                 
BS0520538735302410000200001000000000001955000000000 fra 1/1 2017 til 31/12 2017                                                 
BS0520538735302410000300001000000000001955000000000                                                                             
BS0520538735302410000400001000000000001955000000000 SWIFT-BIC: DABADKKK                                                         
BS0520538735302410000500001000000000001955000000000 IBAN: DK90 3000 0001 4645 23                                                
BS0520538735302410000600001000000000001955000000000                                                                             
BS0520538735302410000700001000000000001955000000000 Mvh. Jaguar Club of Denmark                                                 
BS0220538735302400000100001000000000001889000000000Anna Maria Rohdemejer                                                        
BS0220538735302400000200001000000000001889000000000Kong Marks Vej 68 B                                                          
BS0220538735302400000900001000000000001889000000000               4200DK                                                        
BS0220538735302400001000001000000000001889                                        000000000011                                  
BS0420538735302800000000001000000000001889000000000311220161000000003000039178                         00000000000000000        
BS0520538735302410000100001000000000001889000000000 Jaguar Club of Denmark co-driver medlemskab                                 
BS0520538735302410000200001000000000001889000000000 fra 1/1 2017 til 31/12 2017                                                 
BS0520538735302410000300001000000000001889000000000                                                                             
BS0520538735302410000400001000000000001889000000000 SWIFT-BIC: DABADKKK                                                         
BS0520538735302410000500001000000000001889000000000 IBAN: DK90 3000 0001 4645 23                                                
BS0520538735302410000600001000000000001889000000000                                                                             
BS0520538735302410000700001000000000001889000000000 Mvh. Jaguar Club of Denmark                                                 
BS0220538735302400000100001000000000005258000000000Inge Givskov Sørensen                                                        
BS0220538735302400000200001000000000005258000000000Skovdalsvej 5                                                                
BS0220538735302400000900001000000000005258000000000               8881DK                                                        
BS0220538735302400001000001000000000005258                                        000000000011                                  
BS0420538735302800000000001000000000005258000000000311220161000000003000039179                         00000000000000000        
BS0520538735302410000100001000000000005258000000000 Jaguar Club of Denmark co-driver medlemskab                                 
BS0520538735302410000200001000000000005258000000000 fra 1/1 2017 til 31/12 2017                                                 
BS0520538735302410000300001000000000005258000000000                                                                             
BS0520538735302410000400001000000000005258000000000 SWIFT-BIC: DABADKKK                                                         
BS0520538735302410000500001000000000005258000000000 IBAN: DK90 3000 0001 4645 23                                                
BS0520538735302410000600001000000000005258000000000                                                                             
BS0520538735302410000700001000000000005258000000000 Mvh. Jaguar Club of Denmark                                                 
BS0920538735301120000000001    0000000000600000000018000000000000042               00000000025                                  
BS99257808268BS10601000000000010000000000600000000018000000000000042000000000000000000000000250000000000000000000000000000000000