BS00257808268BS106028100190001                   271216
BS01205387353021500000001                        271216
BS042053873530297000000010000000000000002978710000003012161000000005950041099    30152016122366176774762312162712160000000059500
BS042053873530297000000010000000000000004746710000003012161000000005950040823    30152016122339163303472312162712160000000059500
BS09205387353021500000001      0000000000200000000011900000000000000               00000000000
BS99257808268BS10602000000000010000000000200000000011900000000000000000000000000000000000000000000000000000000000000000000000000
