BS00257808268BS106027904938001                   291116
BS01205387353021500000001                        291116
BS042053873530297000000010000000000000003792710000003012161000000005950041001    72402016112861642708842811162911160000000059500
BS042053873530297000000010000000000000005738710000003012161000000005950040568    30152016112884363329422811162911160000000059500
BS042053873530297000000010000000000000005746710000003012161000000005950040563    19172016112827059747802811162911160000000059500
BS042053873530297000000010000000000000005766710000003012161000000005950040554    27202016112817057874092811162911160000000059500
BS042053873530297000000010000000000000005885710000003012161000000005950040503    22532016112867053919842811162911160000000059500
BS042053873530297000000010000000000000006159710000003012161000000005950040310    979720161128N4142367332811162911160000000059500
BS09205387353021500000001      0000000000600000000035700000000000000               00000000000
BS99257808268BS10602000000000010000000000600000000035700000000000000000000000000000000000000000000000000000000000000000000000000
