BS00257808268BS106028006715001                   131216
BS01205387353021500000001                        131216
BS042053873530297000000010000000000000000556710000003012161000000005950041318    50112016121261274869991212161312160000000059500
BS042053873530297000000010000000000000000969710000003012161000000005950041296    71702016121261825168381212161312160000000059500
BS042053873530297000000010000000000000002053710000003012161000000005950041188    06912016121261252578541212161312160000000059500
BS042053873530297000000010000000000000002767710000003012161000000005950041119    30152016121202363474561212161312160000000059500
BS042053873530297000000010000000000000004700710000003012161000000005950040833    30152016121225163473611212161312160000000059500
BS042053873530297000000010000000000000004834710000003012161000000005950040804    50422016121261379307581212161312160000000059500
BS042053873530297000000010000000000000005373710000003012161000000005950040682    30152016121204763462471212161312160000000059500
BS042053873530297000000010000000000000005910710000003012161000000005950040493    22792016121247090577021212161312160000000059500
BS042053873530297000000010000000000000006143710000003012161000000005950040325    13452016121207090887781212161312160000000059500
BS09205387353021500000001      0000000000900000000053550000000000000               00000000000
BS99257808268BS10602000000000010000000000900000000053550000000000000000000000000000000000000000000000000000000000000000000000000
