BS00257808268BS106028108401001                   281216
BS01205387353021500000001                        281216
BS042053873530297000000010000000000000002550710000003012161000000005950041145    74592016122761653231892712162812160000000059500
BS042053873530297000000010000000000000002701710000003012161000000005950041126    93802016122700890101282712162812160000000059500
BS042053873530297000000010000000000000003493710000003012161000000005950041040    77802016122761825968632712162812160000000059500
BS042053873530297000000010000000000000004283710000003012161000000005950040929    968220161226N4061243002712162812160000000059500
BS042053873530297000000010000000000000005670710000003012161000000005950040599    60602016122761270165342712162812160000000059500
BS042053873530297000000010000000000000005725710000003012161000000005950040572    50552016122761156275142712162812160000000059500
BS042053873530297000000010000000000000006130710000003012161000000005950040338    30152016122788663620952712162812160000000059500
BS042053873530297000000010000000000000006170710000003012161000000005950040299    59412016122737038913412712162812160000000059500
BS09205387353021500000001      0000000000800000000047600000000000000               00000000000
BS99257808268BS10602000000000010000000000800000000047600000000000000000000000000000000000000000000000000000000000000000000000000
