BS00257808268BS106027913855001                   301116
BS01205387353021500000001                        301116
BS042053873530297000000010000000000000004276710000003012161000000005950040933    668020161129N3542853382911163011160000000059500
BS042053873530297000000010000000000000004725710000003012161000000005950040829    66102016112961354489372911163011160000000059500
BS09205387353021500000001      0000000000200000000011900000000000000               00000000000
BS99257808268BS10602000000000010000000000200000000011900000000000000000000000000000000000000000000000000000000000000000000000000
