BS00257808268BS106028015566001                   141216
BS01205387353021500000001                        141216
BS042053873530297000000010000000000000005479710000003012161000000005950040650    77002016121361414177081312161412160000000059500
BS042053873530297000000010000000000000006122710000003012161000000005950040345    27602016121357093908331312161412160000000059500
BS042053873530297000000010000000000000006176710000003012161000000005950040293    54792016121300890031161312161412160000000059500
BS09205387353021500000001      0000000000300000000017850000000000000               00000000000
BS99257808268BS10602000000000010000000000300000000017850000000000000000000000000000000000000000000000000000000000000000000000000
