BS00257808268BS106028116905001                   291216
BS01205387353021500000001                        291216
BS042053873530297000000010000000000000000097710000003012161000000005950041354    93802016122800890000112812162912160000000059500
BS042053873530297000000010000000000000000195710000003012161000000005950041346    78902016122800890002922812162912160000000059500
BS042053873530297000000010000000000000001134710000003012161000000005950041279    50372016122860906963462812162912160000000059500
BS042053873530297000000010000000000000001500710000003012161000000005950041246    986020161228N3862359162812162912160000000059500
BS042053873530297000000010000000000000001704710000003012161000000005950041223    30152016122802863336522812162912160000000059500
BS042053873530297000000010000000000000004107710000003012161000000005950040957    22772016122837058449112812162912160000000059500
BS042053873530297000000010000000000000004883710000003012161000000005950040797    54792016122800890018022812162912160000000059500
BS042053873530297000000010000000000000005350710000003012161000000005950040692    907020161228N3262062912812162912160000000059500
BS042053873530297000000010000000000000005395710000003012161000000005950040672    74502016122861244055472812162912160000000059500
BS042053873530297000000010000000000000005462710000003012161000000005950040657    77802016122861318233062812162912160000000059500
BS042053873530297000000010000000000000005496710000003012161000000005950040645    21502016122877071999052812162912160000000059500
BS042053873530297000000010000000000000005610710000003012161000000005950040607    13452016122887043765362812162912160000000059500
BS042053873530297000000010000000000000005981710000003012161000000005950040450    612820161226A4161267722812162912160000000059500
BS042053873530297000000010000000000000006024710000003012161000000005950040420    30152016122845663335292812162912160000000059500
BS042053873530297000000010000000000000006171710000003012161000000005950040298    969520161228N4262552912812162912160000000059500
BS09205387353021500000001      0000000001500000000089250000000000000               00000000000
BS99257808268BS10602000000000010000000001500000000089250000000000000000000000000000000000000000000000000000000000000000000000000
