BS00257808268BS106027923904001                   011216
BS01205387353021500000001                        011216
BS042053873530297000000010000000000000002212710000003012161000000005950041170    22112016113067046532043011160112160000000059500
BS042053873530297000000010000000000000002256710000003012161000000005950041168    70312016113063732311193011160112160000000059500
BS042053873530297000000010000000000000002284710000003012161000000005950041165    30152016113004763353923011160112160000000059500
BS042053873530297000000010000000000000002549710000003012161000000005950041146    36112016113070011264083011160112160000000059500
BS042053873530297000000010000000000000003429710000003012161000000005950041052    80102016113067260556813011160112160000000059500
BS042053873530297000000010000000000000004033710000003012161000000005950040968    55012016113017048626793011160112160000000059500
BS042053873530297000000010000000000000005502710000003012161000000005950040644    25202016113047067991623011160112160000000059500
BS042053873530297000000010000000000000005521710000003012161000000005950040632    21502016113057065420133011160112160000000059500
BS042053873530297000000010000000000000005568710000003012161000000005950040613    23162016113037066337613011160112160000000059500
BS042053873530297000000010000000000000005774710000003012161000000005950040550    30152016113080863342243011160112160000000059500
BS042053873530297000000010000000000000005892710000003012161000000005950040502    00402016113067063816543011160112160000000059500
BS042053873530297000000010000000000000005930710000003012161000000005950040484    61402016113000890004153011160112160000000059500
BS042053873530297000000010000000000000005965710000003012161000000005950040461    68502016113000890022373011160112160000000059500
BS042053873530297000000010000000000000006040710000003012161000000005950040414    30152016113099563350123011160112160000000059500
BS042053873530297000000010000000000000006049710000003012161000000005950040407    05222016113061682714283011160112160000000059500
BS042053873530297000000010000000000000006072710000003012161000000005950040390    93802016113000890145593011160112160000000059500
BS042053873530297000000010000000000000006151710000003012161000000005950040317    08802016113000890091523011160112160000000059500
BS09205387353021500000001      0000000001700000000101150000000000000               00000000000
BS99257808268BS10602000000000010000000001700000000101150000000000000000000000000000000000000000000000000000000000000000000000000
