BS00257808268BS106028125903001                   301216
BS01205387353021500000001                        301216
BS042053873530297000000010000000000000001609710000003012161000000005950041233    54792016122900890064452912163012160000000059500
BS042053873530297000000010000000000000002059710000003012161000000005950041187    30152016122924363267992912163012160000000059500
BS042053873530297000000010000000000000002592710000003012161000000005950041141    040020161229N3863179112912163012160000000059500
BS042053873530297000000010000000000000003331710000003012161000000005950041065    50622016122961302484952912163012160000000059500
BS042053873530297000000010000000000000003447710000003012161000000005950041046    78512016122961994025852912163012160000000059500
BS042053873530297000000010000000000000003623710000003012161000000005950041024    931820161201N3145033922912163012160000000059500
BS042053873530297000000010000000000000003701710000003012161000000005950041014    30152016122914163303762912163012160000000059500
BS042053873530297000000010000000000000004073710000003012161000000005950040963    30152016122941763643732912163012160000000059500
BS042053873530297000000010000000000000004742710000003012161000000005950040824    93802016122900890118412912163012160000000059500
BS042053873530297000000010000000000000005254710000003012161000000005950040720    73132016122961712771502912163012160000000059500
BS042053873530297000000010000000000000005506710000003012161000000005950040640    13292016122917044767292912163012160000000059500
BS042053873530297000000010000000000000005652710000003012161000000005950040604    30152016122992263254112912163012160000000059500
BS042053873530297000000010000000000000005689710000003012161000000005950040591    70302016122961520813852912163012160000000059500
BS042053873530297000000010000000000000005721710000003012161000000005950040574    53012016122900890006422912163012160000000059500
BS042053873530297000000010000000000000006000710000003012161000000005950040437    05222016122961084039682912163012160000000059500
BS042053873530297000000010000000000000006037710000003012161000000005950040415    96862016122900890024952912163012160000000059500
BS042053873530297000000010000000000000006078710000003012161000000005950040385    933720161229N3562969702912163012160000000059500
BS042053873530297000000010000000000000006105710000003012161000000005950040361    93802016122900890004712912163012160000000059500
BS042053873530297000000010000000000000006132710000003012161000000005950040336    36112016122923071319632912163012160000000059500
BS042053873530297000000010000000000000006147710000003012161000000005950040321    70402016122961538871712912163012160000000059500
BS042053873530297000000010000000000000006187710000003012161000000005950040282    06502016122967038657342912163012160000000059500
BS042053873530297000000010000000000000006195710000003012161000000005950040274    22512016122977113182652912163012160000000059500
BS09205387353021500000001      0000000002200000000130900000000000000               00000000000
BS99257808268BS10602000000000010000000002200000000130900000000000000000000000000000000000000000000000000000000000000000000000000
