BS00257808268BS106027833338001                   181116
BS01205387353021500000001                        181116
BS042053873530297000000010000000000000006006710000003012161000000005950040436    00402016111787036659661711161811160000000059500
BS042053873530297000000010000000000000006172710000003012161000000005950040297    623420161117N3735852481711161811160000000059500
BS09205387353021500000001      0000000000200000000011900000000000000               00000000000
BS99257808268BS10602000000000010000000000200000000011900000000000000000000000000000000000000000000000000000000000000000000000000
