BS00257808268BS106027933414001                   021216
BS01205387353021500000001                        021216
BS042053873530297000000010000000000000002093710000003012161000000005950041184    30152016120141663363830112160212160000000059500
BS042053873530297000000010000000000000005084710000003012161000000005950040764    77022016120163050237490112160212160000000059500
BS042053873530297000000010000000000000005366710000003012161000000005950040685    30152016120186963256490112160212160000000059500
BS042053873530297000000010000000000000005385710000003012161000000005950040676    71842016120162561752860112160212160000000057500
BS042053873530297000000010000000000000005475710000003012161000000005950040652    30152016120166024808080112160212160000000059500
BS042053873530297000000010000000000000005924710000003012161000000005950040486    30152016120127363360060112160212160000000059500
BS042053873530297000000010000000000000005946710000003012161000000005950040474    25802016120187059948060112160212160000000059500
BS09205387353021500000001      0000000000700000000041450000000000000               00000000000
BS99257808268BS10602000000000010000000000700000000041450000000000000000000000000000000000000000000000000000000000000000000000000
