BS00257808268BS106028034097001                   161216
BS01205387353021500000001                        161216
BS042053873530297000000010000000000000001778710000003012161000000005950041212    22282016121557049161631512161612160000000059500
BS042053873530297000000010000000000000002576710000003012161000000005950041143    78512016121562272918141512161612160000000059500
BS042053873530297000000010000000000000005358710000003012161000000005950040688    30152016121555763500521512161612160000000059500
BS042053873530297000000010000000000000006022710000003012161000000005950040422    22772016121557039701531512161612160000000059500
BS09205387353021500000001      0000000000400000000023800000000000000               00000000000
BS99257808268BS10602000000000010000000000400000000023800000000000000000000000000000000000000000000000000000000000000000000000000
