BS00257808268BS106028136850001                   020117
BS01205387353021500000001                        020117
BS042053873530297000000010000000000000000009710000003012161000000005950041366    30152016123014463230453012160201170000000059500
BS042053873530297000000010000000000000000023710000003012161000000005950041364    50112016123065535627583012160201170000000059500
BS042053873530297000000010000000000000000039710000003012161000000005950041363    30152016123022763306143012160201170000000059500
BS042053873530297000000010000000000000000046710000003012161000000005950041362    29052016123017052907193012160201170000000059500
BS042053873530297000000010000000000000000050710000003012161000000005950041361    30152016123079463268743012160201170000000059500
BS042053873530297000000010000000000000000052710000003012161000000005950041360    30152016123042363650263012160201170000000059500
BS042053873530297000000010000000000000000058710000003012161000000005950041359    30152016123055663243373012160201170000000059500
BS042053873530297000000010000000000000000063710000003012161000000005950041358    30152016123065966443253012160201170000000059500
BS042053873530297000000010000000000000000190710000003012161000000005950041348    22302016123047078771623012160201170000000059500
BS042053873530297000000010000000000000000251710000003012161000000005950041344    93802016123000890327483012160201170000000059500
BS042053873530297000000010000000000000000269710000003012161000000005950041342    21142016123027040382103012160201170000000059500
BS042053873530297000000010000000000000000310710000003012161000000005950041338    30152016123009163332813012160201170000000059500
BS042053873530297000000010000000000000000315710000003012161000000005950041336    30152016123081463358783012160201170000000059500
BS042053873530297000000010000000000000000381710000003012161000000005950041333    30152016123027263299893012160201170000000059500
BS042053873530297000000010000000000000000393710000003012161000000005950041330    30152016123033563286943012160201170000000059500
BS042053873530297000000010000000000000000416710000003012161000000005950041327    08802016123000890058753012160201170000000059500
BS042053873530297000000010000000000000000490710000003012161000000005950041321    30152016123020563412383012160201170000000059500
BS042053873530297000000010000000000000000604710000003012161000000005950041317    39522016122900092550873012160201170000000059500
BS042053873530297000000010000000000000000651710000003012161000000005950041316    30152016123005363370263012160201170000000059500
BS042053873530297000000010000000000000000720710000003012161000000005950041314    26302016123057071043533012160201170000000059500
BS042053873530297000000010000000000000000732710000003012161000000005950041311    66102016123066614652653012160201170000000059500
BS042053873530297000000010000000000000000772710000003012161000000005950041308    30152016123090163589083012160201170000000059500
BS042053873530297000000010000000000000000915710000003012161000000005950041300    27502016123057047803733012160201170000000059500
BS042053873530297000000010000000000000001034710000003012161000000005950041291    55012016123027059903103012160201170000000059500
BS042053873530297000000010000000000000001040710000003012161000000005950041290    70402016123067128895513012160201170000000059500
BS042053873530297000000010000000000000001063710000003012161000000005950041286    54792016123000890074213012160201170000000059500
BS042053873530297000000010000000000000001081710000003012161000000005950041284    930220161230N4064899773012160201170000000059500
BS042053873530297000000010000000000000001123710000003012161000000005950041280    650620161203N3547358773012160201170000000059500
BS042053873530297000000010000000000000001140710000003012161000000005950041278    30152016123030563652493012160201170000000059500
BS042053873530297000000010000000000000001184710000003012161000000005950041276    08802016123000890082213012160201170000000059500
BS042053873530297000000010000000000000001201710000003012161000000005950041275    814020161230N3464222883012160201170000000059500
BS042053873530297000000010000000000000001228710000003012161000000005950041272    91002016123070114700663012160201170000000059500
BS042053873530297000000010000000000000001234710000003012161000000005950041271    68502016123000890025153012160201170000000059500
BS042053873530297000000010000000000000001261710000003012161000000005950041269    08802016123000890068483012160201170000000059500
BS042053873530297000000010000000000000001350710000003012161000000005950041259    64822016123066589956233012160201170000000059500
BS042053873530297000000010000000000000001378710000003012161000000005950041255    39522016122900039190133012160201170000000059500
BS042053873530297000000010000000000000001408710000003012161000000005950041251    13292016123017039587693012160201170000000059500
BS042053873530297000000010000000000000001512710000003012161000000005950041245    96862016123000890063993012160201170000000059500
BS042053873530297000000010000000000000001542710000003012161000000005950041239    30152016123035563269103012160201170000000059500
BS042053873530297000000010000000000000001596710000003012161000000005950041234    08802016123000890067963012160201170000000059500
BS042053873530297000000010000000000000001661710000003012161000000005950041229    30152016123072663269943012160201170000000059500
BS042053873530297000000010000000000000001666710000003012161000000005950041228    30152016123097363404273012160201170000000059500
BS042053873530297000000010000000000000001682710000003012161000000005950041227    23002016123067134471843012160201170000000059500
BS042053873530297000000010000000000000001708710000003012161000000005950041222    68502016123000890013533012160201170000000059500
BS042053873530297000000010000000000000001731710000003012161000000005950041219    78542016123069539253953012160201170000000059500
BS042053873530297000000010000000000000001744710000003012161000000005950041218    30152016123068463254703012160201170000000059500
BS042053873530297000000010000000000000001761710000003012161000000005950041214    55012016123047054271423012160201170000000059500
BS042053873530297000000010000000000000001792710000003012161000000005950041211    30152016123072263633933012160201170000000059500
BS042053873530297000000010000000000000001807710000003012161000000005950041208    30152016123041763655993012160201170000000059500
BS042053873530297000000010000000000000001827710000003012161000000005950041204    25402016123077117640253012160201170000000059500
BS042053873530297000000010000000000000001832710000003012161000000005950041203    70402016123067128849703012160201170000000059500
BS042053873530297000000010000000000000001889710000003012161000000003000039178    30152016123069563286933012160201170000000030000
BS042053873530297000000010000000000000001909710000003012161000000005950041197    50282016123065693812253012160201170000000059500
BS042053873530297000000010000000000000002006710000003012161000000005950041191    81172016123000890212323012160201170000000059500
BS042053873530297000000010000000000000002012710000003012161000000005950041190    30152016123091563652933012160201170000000059500
BS042053873530297000000010000000000000002062710000003012151000000005950028564    22762016123005346666083012160201170000000059500
BS042053873530297000000010000000000000002099710000003012161000000005950041183    30152016123041463629503012160201170000000059500
BS042053873530297000000010000000000000002140710000003012161000000005950041179    79302016123069656628913012160201170000000059500
BS042053873530297000000010000000000000002165710000003012161000000005950041175    040020161130N0986243713012160201170000000059500
BS042053873530297000000010000000000000002167710000003012161000000005950041174    81172016123000890100433012160201170000000059500
BS042053873530297000000010000000000000002208710000003012161000000005950041171    71602016123067634488013012160201170000000059500
BS042053873530297000000010000000000000002597710000003012161000000005950041140    81132016123000890131363012160201170000000059500
BS042053873530297000000010000000000000002600710000003012161000000005950041139    30152016123004763459833012160201170000000059500
BS042053873530297000000010000000000000002604710000003012161000000005950041138    50502016123065903030783012160201170000000059500
BS042053873530297000000010000000000000002605710000003012161000000005950041137    79112016123069612625893012160201170000000059500
BS042053873530297000000010000000000000002653710000003012161000000005950041134    59992016123000890045683012160201170000000059500
BS042053873530297000000010000000000000002663710000003012161000000005950041131    814020161230N3664489513012160201170000000059500
BS042053873530297000000010000000000000002697710000003012161000000005950041127    30152016123067363659523012160201170000000059500
BS042053873530297000000010000000000000002703710000003012161000000005950041125    53012016123000890165743012160201170000000059500
BS042053873530297000000010000000000000002708710000003012161000000005950041124    23622016123017043267493012160201170000000059500
BS042053873530297000000010000000000000002760710000003012161000000005950041120    22562016123087075548263012160201170000000059500
BS042053873530297000000010000000000000002827710000003012161000000005950041114    30152016123020163239333012160201170000000059500
BS042053873530297000000010000000000000002830710000003012161000000005950041112    50672016123066134321143012160201170000000059500
BS042053873530297000000010000000000000002876710000003012161000000005950041110    30152016123016663399953012160201170000000059500
BS042053873530297000000010000000000000002892710000003012161000000005950041108    26302016123037063575613012160201170000000059500
BS042053873530297000000010000000000000002906710000003012161000000005950041106    71182016123067465274463012160201170000000059500
BS042053873530297000000010000000000000002954710000003012161000000005950041103    14022016123047037158623012160201170000000059500
BS042053873530297000000010000000000000002976710000003012161000000005950041100    50672016123066131895233012160201170000000059500
BS042053873530297000000010000000000000002990710000003012161000000005950041096    30152016123066763390443012160201170000000059500
BS042053873530297000000010000000000000003014710000003012161000000005950041094    93802016123000890259833012160201170000000059500
BS042053873530297000000010000000000000003046710000003012161000000005950041093    77302016123000890053753012160201170000000059500
BS042053873530297000000010000000000000003072710000003012161000000005950041091    71402016123067590182793012160201170000000059500
BS042053873530297000000010000000000000003102710000003012161000000005950041089    30152016123065921593103012160201170000000059500
BS042053873530297000000010000000000000003125710000003012161000000005950041088    30152016123097663642813012160201170000000059500
BS042053873530297000000010000000000000003156710000003012161000000005950041084    30152016123024463361683012160201170000000059500
BS042053873530297000000010000000000000003173710000003012161000000005950041083    14202016123017076061893012160201170000000059500
BS042053873530297000000010000000000000003195710000003012161000000005950041080    30152016123068263425823012160201170000000059500
BS042053873530297000000010000000000000003214710000003012161000000005950041078    30152016123049163419863012160201170000000059500
BS042053873530297000000010000000000000003234710000003012161000000005950041075    30152016123069163332543012160201170000000059500
BS042053873530297000000010000000000000003252710000003012161000000005950041072    05702016123065341299013012160201170000000059500
BS042053873530297000000010000000000000003328710000003012161000000005950041066    93802016123000890237253012160201170000000059500
BS042053873530297000000010000000000000003400710000003012161000000005950041059    59992016123000890054623012160201170000000059500
BS042053873530297000000010000000000000003437710000003012161000000005950041050    78302016123069348809263012160201170000000059500
BS042053873530297000000010000000000000003504710000003012161000000005950041038    30152016123039963530173012160201170000000059500
BS042053873530297000000010000000000000003508710000003012161000000005950041037    30152016123096063378103012160201170000000059500
BS042053873530297000000010000000000000003515710000003012161000000005950041036    30152016123002363404323012160201170000000059500
BS042053873530297000000010000000000000003517710000003012161000000005950041035    30152016123019663654903012160201170000000059500
BS042053873530297000000010000000000000003535710000003012161000000005950041029    23002016123007106933983012160201170000000059500
BS042053873530297000000010000000000000003569710000003012161000000005950041027    70402016123067128580503012160201170000000059500
BS042053873530297000000010000000000000003597710000003012161000000005950041026    30152016123053463254513012160201170000000059500
BS042053873530297000000010000000000000003630710000003012161000000005950041023    76702016123068809340393012160201170000000059500
BS042053873530297000000010000000000000003639710000003012161000000005950041022    30152016123043363458813012160201170000000059500
BS042053873530297000000010000000000000003693710000003012161000000005950041016    30152016123066059506893012160201170000000059500
BS042053873530297000000010000000000000003704710000003012161000000005950041013    30152016123042563509383012160201170000000059500
BS042053873530297000000010000000000000003739710000003012161000000005950041007    78512016123069533242153012160201170000000059500
BS042053873530297000000010000000000000003765710000003012161000000005950041006    54932016123000890049433012160201170000000059500
BS042053873530297000000010000000000000003789710000003012161000000005950041003    168720161128N0685542013012160201170000000059500
BS042053873530297000000010000000000000003845710000003012161000000005950040993    39522016122900005325333012160201170000000059500
BS042053873530297000000010000000000000003895710000003012161000000005950040987    168720161218N3956736183012160201170000000059500
BS042053873530297000000010000000000000003902710000003012161000000005950040983    92552016123047120481623012160201170000000059500
BS042053873530297000000010000000000000003905710000003012161000000005950040982    22552016123087081654963012160201170000000059500
BS042053873530297000000010000000000000003942710000003012161000000005950040976    55012016123087050938063012160201170000000059500
BS042053873530297000000010000000000000004050710000003012161000000005950040967    58752016123017040341093012160201170000000059500
BS042053873530297000000010000000000000004129710000003012161000000005950040954    30152016123095463446233012160201170000000059500
BS042053873530297000000010000000000000004154710000003012161000000005950040950    61402016123000890019783012160201170000000059500
BS042053873530297000000010000000000000004161710000003012161000000005950040949    30152016123040763321103012160201170000000059500
BS042053873530297000000010000000000000004186710000003012161000000005950040945    76702016123068825210783012160201170000000059500
BS042053873530297000000010000000000000004202710000003012161000000005950040941    72572016123068119215373012160201170000000059500
BS042053873530297000000010000000000000004228710000003012161000000005950040937    54722016123000890101213012160201170000000059500
BS042053873530297000000010000000000000004288710000003012161000000005950040927    30152016123077463349093012160201170000000059500
BS042053873530297000000010000000000000004330710000003012161000000005950040921    30152016123017963260933012160201170000000059500
BS042053873530297000000010000000000000004374710000003012161000000005950040914    30152016123022063384033012160201170000000059500
BS042053873530297000000010000000000000004375710000003012161000000005950040913    21492016123007132252983012160201170000000059500
BS042053873530297000000010000000000000004382710000003012161000000005950040910    30152016123073563290973012160201170000000059500
BS042053873530297000000010000000000000004431710000003012161000000005950040901    040020161230N3764579513012160201170000000059500
BS042053873530297000000010000000000000004436710000003012161000000005950040900    30152016123012163271333012160201170000000059500
BS042053873530297000000010000000000000004440710000003012161000000005950040898    25102016123057078431633012160201170000000059500
BS042053873530297000000010000000000000004477710000003012161000000005950040893    30152016123000263242353012160201170000000059500
BS042053873530297000000010000000000000004516710000003012161000000005950040882    73202016123068276464453012160201170000000059500
BS042053873530297000000010000000000000004537710000003012161000000005950040876    68602016123066924721813012160201170000000059500
BS042053873530297000000010000000000000004569710000003012161000000005950040869    932120161127N4341720313012160201170000000059500
BS042053873530297000000010000000000000004580710000003012161000000005950040864    30152016123029663654893012160201170000000059500
BS042053873530297000000010000000000000004588710000003012161000000005950040862    22532016123097058558673012160201170000000059500
BS042053873530297000000010000000000000004603710000003012161000000005950040859    973720161119A3536847313012160201170000000059500
BS042053873530297000000010000000000000004604710000003012161000000005950040858    30152016123018463268183012160201170000000059500
BS042053873530297000000010000000000000004616710000003012161000000005950040853    40672016122900091186243012160201170000000059500
BS042053873530297000000010000000000000004619710000003012161000000005950040852    73202016123068269057183012160201170000000059500
BS042053873530297000000010000000000000004629710000003012161000000005950040851    67712016123000890011623012160201170000000059500
BS042053873530297000000010000000000000004633710000003012161000000005950040850    24462016123017067195293012160201170000000059500
BS042053873530297000000010000000000000004638710000003012161000000005950040848    30152016123031263369243012160201170000000059500
BS042053873530297000000010000000000000004650710000003012161000000005950040845    01652016123077039036053012160201170000000039500
BS042053873530297000000010000000000000004650710000003012161000000005950040845    01652016123007039014983012160201170000000059500
BS042053873530297000000010000000000000004650710000003012161000000005950040845    01652016123027039026403012160201170000000059500
BS042053873530297000000010000000000000004653710000003012161000000005950040844    80602016123069956241123012160201170000000049500
BS042053873530297000000010000000000000004676710000003012161000000005950040837    26202016123027080241703012160201170000000059500
BS042053873530297000000010000000000000004717710000003012161000000005950040831    74052016123068439526883012160201170000000059500
BS042053873530297000000010000000000000004766710000003012161000000005950040821    93802016123000890305513012160201170000000059500
BS042053873530297000000010000000000000004809710000003012161000000005950040814    50192016123065598874583012160201170000000059500
BS042053873530297000000010000000000000004824710000003012161000000005950040807    30152016123046863462643012160201170000000059500
BS042053873530297000000010000000000000004827710000003012161000000005950040806    93802016123000890191533012160201170000000059500
BS042053873530297000000010000000000000004875710000003012161000000005950040800    30152016123087163332673012160201170000000059500
BS042053873530297000000010000000000000004898710000003012161000000005950040795    25102016123047040307023012160201170000000059500
BS042053873530297000000010000000000000004922710000003012161000000005950040792    71602016123067635622443012160201170000000059500
BS042053873530297000000010000000000000004937710000003012161000000005950040791    27832016123017067399193012160201170000000059500
BS042053873530297000000010000000000000004961710000003012161000000005950040788    54792016123000890137253012160201170000000059500
BS042053873530297000000010000000000000004962710000003012161000000005950040787    30152016123063463359093012160201170000000059500
BS042053873530297000000010000000000000004970710000003012161000000005950040785    30152016123024363357173012160201170000000059500
BS042053873530297000000010000000000000004978710000003012161000000005950040784    05222016123064952442543012160201170000000059500
BS042053873530297000000010000000000000004998710000003012161000000005950040782    30152016123070463286613012160201170000000059500
BS042053873530297000000010000000000000004999710000003012161000000005950040781    168420161219N2090937153012160201170000000059500
BS042053873530297000000010000000000000005017710000003012161000000005950040779    22302016123007118910883012160201170000000059500
BS042053873530297000000010000000000000005066710000003012161000000005950040769    30152016123000063316653012160201170000000059500
BS042053873530297000000010000000000000005071710000003012161000000005950040767    20292016123037132718813012160201170000000059500
BS042053873530297000000010000000000000005095710000003012161000000005950040761    05222016123064948035383012160201170000000059500
BS042053873530297000000010000000000000005097710000003012161000000005950040760    30152016123027863386773012160201170000000059500
BS042053873530297000000010000000000000005148710000003012161000000005950040750    93802016123000890247063012160201170000000059500
BS042053873530297000000010000000000000005151710000003012161000000005950040749    60602016123066461287113012160201170000000059500
BS042053873530297000000010000000000000005156710000003012161000000005950040747    50132016123065543530483012160201170000000059500
BS042053873530297000000010000000000000005158710000003012161000000005950040745    77802016123069281609973012160201170000000059500
BS042053873530297000000010000000000000005170710000003012161000000005950040741    30152016123032063378103012160201170000000059500
BS042053873530297000000010000000000000005204710000003012161000000005950040734    54792016123000890142543012160201170000000059500
BS042053873530297000000010000000000000005212710000003012161000000005950040732    26702016123087040369063012160201170000000059500
BS042053873530297000000010000000000000005234710000003012161000000005950040728    81132016123000890054193012160201170000000059500
BS042053873530297000000010000000000000005235710000003012161000000005950040727    50982016123066419773363012160201170000000059500
BS042053873530297000000010000000000000005237710000003012161000000005950040726    08802016123000890074003012160201170000000059500
BS042053873530297000000010000000000000005257710000003012161000000005950040718    25802016123077045926053012160201170000000059500
BS042053873530297000000010000000000000005258710000003012161000000003000039179    30152016123095563652963012160201170000000030000
BS042053873530297000000010000000000000005265710000003012161000000005950040715    611620161130N1286308983012160201170000000059500
BS042053873530297000000010000000000000005296710000003012161000000005950040709    72642016123068189607343012160201170000000059500
BS042053873530297000000010000000000000005305710000003012161000000005950040705    54712016123000890096743012160201170000000059500
BS042053873530297000000010000000000000005308710000003012161000000005950040704    30152016123066064063363012160201170000000059500
BS042053873530297000000010000000000000005334710000003012161000000005950040698    78532016123069537623793012160201170000000059500
BS042053873530297000000010000000000000005336710000003012161000000005950040697    66102016123066618445393012160201170000000059500
BS042053873530297000000010000000000000005342710000003012161000000005950040695    54792016123000890121033012160201170000000059500
BS042053873530297000000010000000000000005359710000003012161000000005950040687    982720161223N1192172493012160201170000000059500
BS042053873530297000000010000000000000005361710000003012161000000005950040686    67352016123066678078333012160201170000000059500
BS042053873530297000000010000000000000005372710000003012161000000005950040683    075820161119N3836932923012160201170000000059500
BS042053873530297000000010000000000000005413710000003012161000000005950040668    54792016123000890099713012160201170000000059500
BS042053873530297000000010000000000000005417710000003012161000000005950040667    30152016123089663273373012160201170000000059500
BS042053873530297000000010000000000000005420710000003012161000000005950040666    96862016123000890052373012160201170000000059500
BS042053873530297000000010000000000000005449710000003012161000000005950040661    77302016123000890066673012160201170000000059500
BS042053873530297000000010000000000000005452710000003012161000000005950040660    30152016123065763243583012160201170000000059500
BS042053873530297000000010000000000000005466710000003012161000000005950040656    58752016123067048439643012160201170000000059500
BS042053873530297000000010000000000000005467710000003012161000000005950040655    30152016123090463334093012160201170000000059500
BS042053873530297000000010000000000000005482710000003012161000000005950040649    30152016123079263242243012160201170000000059500
BS042053873530297000000010000000000000005508710000003012161000000005950040639    59992016123000890030023012160201170000000059500
BS042053873530297000000010000000000000005516710000003012161000000005950040636    26002016123067105033043012160201170000000059500
BS042053873530297000000010000000000000005523710000003012161000000005950040630    50282016123065694200413012160201170000000059500
BS042053873530297000000010000000000000005528710000003012161000000005950040629    21502016123097042805973012160201170000000059500
BS042053873530297000000010000000000000005529710000003012161000000005950040628    21502016123087042805963012160201170000000059500
BS042053873530297000000010000000000000005547710000003012161000000005950040622    08802016123000890010993012160201170000000059500
BS042053873530297000000010000000000000005561710000003012161000000005950040617    77022016123069200107563012160201170000000059500
BS042053873530297000000010000000000000005567710000003012161000000005950040614    30152016123012163444823012160201170000000059500
BS042053873530297000000010000000000000005572710000003012161000000005950040611    22532016123067048490343012160201170000000059500
BS042053873530297000000010000000000000005641710000003012161000000005950040605    54792016123000890173993012160201170000000059500
BS042053873530297000000010000000000000005661710000003012161000000005950040603    907020161122N0884465473012160201170000000059500
BS042053873530297000000010000000000000005669710000003012161000000005950040600    30152016123071863260703012160201170000000059500
BS042053873530297000000010000000000000005678710000003012161000000005950040595    81172016123000890190023012160201170000000059500
BS042053873530297000000010000000000000005691710000003012161000000005950040590    30152016123062763255953012160201170000000059500
BS042053873530297000000010000000000000005695710000003012161000000005950040588    93802016123000890039783012160201170000000059500
BS042053873530297000000010000000000000005707710000003012161000000005950040582    30152016123017763273963012160201170000000059500
BS042053873530297000000010000000000000005715710000003012161000000005950040578    59992016123000890049083012160201170000000059500
BS042053873530297000000010000000000000005719710000003012161000000005950040576    53012016123000890113403012160201170000000059500
BS042053873530297000000010000000000000005733710000003012161000000005950040570    77302016123000890065983012160201170000000059500
BS042053873530297000000010000000000000005737710000003012161000000005950040569    30152016123066008734533012160201170000000059500
BS042053873530297000000010000000000000005744710000003012161000000005950040565    78442016123069498989673012160201170000000059500
BS042053873530297000000010000000000000005757710000003012161000000005950040558    909020161120N4437511023012160201170000000059500
BS042053873530297000000010000000000000005758710000003012161000000005950040557    77302016123000890048993012160201170000000059500
BS042053873530297000000010000000000000005771710000003012161000000005950040552    14362016123027040290303012160201170000000059500
BS042053873530297000000010000000000000005775710000003012161000000005950040549    81132016123000890085453012160201170000000059500
BS042053873530297000000010000000000000005792710000003012161000000005950040542    21412016123067067785543012160201170000000059500
BS042053873530297000000010000000000000005811710000003012161000000005950040536    68642016123066960088943012160201170000000059500
BS042053873530297000000010000000000000005813710000003012161000000005950040535    30152016123013163271483012160201170000000059500
BS042053873530297000000010000000000000005832710000003012161000000005950040524    30152016123026863292703012160201170000000059500
BS042053873530297000000010000000000000005833710000003012161000000005950040523    30152016123064963256553012160201170000000059500
BS042053873530297000000010000000000000005849710000003012161000000005950040519    68452016123066877470793012160201170000000059500
BS042053873530297000000010000000000000005851710000003012161000000005950040518    30152016123058063402403012160201170000000059500
BS042053873530297000000010000000000000005879710000003012161000000005950040506    30152016123048663287533012160201170000000059500
BS042053873530297000000010000000000000005895710000003012161000000005950040501    81132016123000890045033012160201170000000059500
BS042053873530297000000010000000000000005896710000003012161000000005950040500    50172016123065573965513012160201170000000059500
BS042053873530297000000010000000000000005897710000003012161000000005950040499    81172016123000890195213012160201170000000059500
BS042053873530297000000010000000000000005898710000003012161000000005950040498    05222016123064961409423012160201170000000059500
BS042053873530297000000010000000000000005900710000003012161000000005950040497    59992016123000890042483012160201170000000059500
BS042053873530297000000010000000000000005902710000003012161000000005950040496    30152016123066037631393012160201170000000059500
BS042053873530297000000010000000000000005909710000003012161000000005950040494    909020161121N3237671623012160201170000000059500
BS042053873530297000000010000000000000005911710000003012161000000005950040492    96862016123000890044303012160201170000000059500
BS042053873530297000000010000000000000005912710000003012161000000005950040491    21502016123087037427563012160201170000000059500
BS042053873530297000000010000000000000005920710000003012161000000005950040487    30152016123090663386433012160201170000000059500
BS042053873530297000000010000000000000005932710000003012161000000005950040482    24332016123047067168423012160201170000000059500
BS042053873530297000000010000000000000005933710000003012161000000005950040481    78542016123069545116583012160201170000000059500
BS042053873530297000000010000000000000005937710000003012161000000005950040478    67712016123000890016783012160201170000000059500
BS042053873530297000000010000000000000005939710000003012161000000005950040477    30152016123075563254873012160201170000000059500
BS042053873530297000000010000000000000005947710000003012161000000005950040473    78902016123000890000453012160201170000000059500
BS042053873530297000000010000000000000005950710000003012161000000005950040471    30152016123001663364623012160201170000000059500
BS042053873530297000000010000000000000005951710000003012161000000005950040470    59992016123000890038103012160201170000000059500
BS042053873530297000000010000000000000005960710000003012161000000005950040464    30152016123078563542923012160201170000000059500
BS042053873530297000000010000000000000005966710000003012161000000005950040460    30152016123056763341673012160201170000000059500
BS042053873530297000000010000000000000005968710000003012161000000005950040459    21492016123007132254883012160201170000000059500
BS042053873530297000000010000000000000005974710000003012161000000005950040456    30152016123085463230243012160201170000000059500
BS042053873530297000000010000000000000005975710000003012161000000005950040455    54912016123000890008803012160201170000000059500
BS042053873530297000000010000000000000005979710000003012161000000005950040452    81142016123000890072163012160201170000000059500
BS042053873530297000000010000000000000005980710000003012161000000005950040451    50282016123065693803143012160201170000000059500
BS042053873530297000000010000000000000005984710000003012161000000005950040448    50622016123066034185783012160201170000000059500
BS042053873530297000000010000000000000005995710000003012161000000005950040440    24642016123037046011913012160201170000000058500
BS042053873530297000000010000000000000006014710000003012161000000005950040428    25002016123017039747593012160201170000000059500
BS042053873530297000000010000000000000006015710000003012161000000005950040427    22772016123077062119053012160201170000000059500
BS042053873530297000000010000000000000006018710000003012161000000005950040425    93802016123000890320953012160201170000000059500
BS042053873530297000000010000000000000006021710000003012161000000005950040423    72302016123067909092673012160201170000000059500
BS042053873530297000000010000000000000006042710000003012161000000005950040412    50592016123065972101043012160201170000000059500
BS042053873530297000000010000000000000006043710000003012161000000005950040411    68102016123066731409713012160201170000000059500
BS042053873530297000000010000000000000006054710000003012161000000005950040403    651020161204N4448206023012160201170000000059500
BS042053873530297000000010000000000000006061710000003012161000000005950040398    01442016123037058455513012160201170000000059500
BS042053873530297000000010000000000000006062710000003012161000000005950040397    19112016123047063537623012160201170000000059500
BS042053873530297000000010000000000000006071710000003012161000000005950040391    50352016123065734298113012160201170000000059500
BS042053873530297000000010000000000000006074710000003012161000000005950040388    26502016123037077139113012160201170000000059500
BS042053873530297000000010000000000000006086710000003012161000000005950040378    30152016123062663351103012160201170000000059500
BS042053873530297000000010000000000000006090710000003012161000000005950040374    77302016123000890046723012160201170000000059500
BS042053873530297000000010000000000000006091710000003012161000000005950040373    25982016123087038142163012160201170000000059500
BS042053873530297000000010000000000000006092710000003012161000000005950040372    50532016123065929386513012160201170000000059500
BS042053873530297000000010000000000000006093710000003012161000000005950040371    06822016123065385764243012160201170000000059500
BS042053873530297000000010000000000000006096710000003012161000000005950040368    20052016123047122697123012160201170000000059500
BS042053873530297000000010000000000000006097710000003012161000000005950040367    22552016123087120661463012160201170000000059500
BS042053873530297000000010000000000000006098710000003012161000000005950040366    76812016123068902001483012160201170000000059500
BS042053873530297000000010000000000000006099710000003012161000000005950040365    30152016123075263299693012160201170000000059500
BS042053873530297000000010000000000000006104710000003012161000000005950040362    54792016123000890178263012160201170000000059500
BS042053873530297000000010000000000000006106710000003012161000000005950040360    30152016123013263628503012160201170000000059500
BS042053873530297000000010000000000000006107710000003012161000000005950040359    20632016123087044907263012160201170000000059500
BS042053873530297000000010000000000000006112710000003012161000000005950040354    974120161128N1785785933012160201170000000059500
BS042053873530297000000010000000000000006113710000003012161000000005950040353    040020161227N1792578313012160201170000000059500
BS042053873530297000000010000000000000006114710000003012161000000005950040352    30152016123068463604573012160201170000000059500
BS042053873530297000000010000000000000006117710000003012161000000005950040350    26902016123077037918253012160201170000000059500
BS042053873530297000000010000000000000006119710000003012161000000005950040348    73052016123068245693203012160201170000000059500
BS042053873530297000000010000000000000006121710000003012161000000005950040346    30152016123000363254373012160201170000000059500
BS042053873530297000000010000000000000006123710000003012161000000005950040344    08802016123000890090863012160201170000000059500
BS042053873530297000000010000000000000006125710000003012161000000005950040342    59992016123000890031013012160201170000000059500
BS042053873530297000000010000000000000006128710000003012161000000005950040340    30152016123083563255033012160201170000000059500
BS042053873530297000000010000000000000006131710000003012161000000005950040337    67712016123000890012313012160201170000000059500
BS042053873530297000000010000000000000006134710000003012161000000005950040334    30152016123026163430433012160201170000000059500
BS042053873530297000000010000000000000006135710000003012161000000005950040333    76702016123068803403843012160201170000000059500
BS042053873530297000000010000000000000006136710000003012161000000005950040332    93802016123000890235453012160201170000000059500
BS042053873530297000000010000000000000006137710000003012161000000005950040331    50672016123066139193613012160201170000000059500
BS042053873530297000000010000000000000006139710000003012161000000005950040329    71702016123067719192073012160201170000000059500
BS042053873530297000000010000000000000006140710000003012161000000005950040328    54792016123000890041623012160201170000000059500
BS042053873530297000000010000000000000006141710000003012161000000005950040327    30152016123066115581053012160201170000000059500
BS042053873530297000000010000000000000006145710000003012161000000005950040323    50352016123065733815403012160201170000000059500
BS042053873530297000000010000000000000006148710000003012161000000005950040320    30152016123020963243723012160201170000000059500
BS042053873530297000000010000000000000006149710000003012161000000005950040319    93802016123000890195233012160201170000000059500
BS042053873530297000000010000000000000006153710000003012161000000005950040315    50102016123065504122793012160201170000000059500
BS042053873530297000000010000000000000006160710000003012161000000005950040309    08802016123000890000673012160201170000000059500
BS042053873530297000000010000000000000006162710000003012161000000005950040307    30152016123070563255173012160201170000000059500
BS042053873530297000000010000000000000006169710000003012161000000005950040300    21042016123037068069713012160201170000000059500
BS042053873530297000000010000000000000006175710000003012161000000005950040294    80902016123070051975823012160201170000000059500
BS042053873530297000000010000000000000006178710000003012161000000005950040291    30152016123072363333323012160201170000000059500
BS042053873530297000000010000000000000006179710000003012161000000005950040290    59992016123000890020573012160201170000000059500
BS042053873530297000000010000000000000006180710000003012161000000005950040289    77042016123069224992173012160201170000000059500
BS042053873530297000000010000000000000006181710000003012161000000005950040288    54792016123000890164403012160201170000000059500
BS042053873530297000000010000000000000006185710000003012161000000005950040284    71182016123067472420023012160201170000000059500
BS09205387353021500000001      0000000030700000001817650000000000000               00000000000
BS99257808268BS10602000000000010000000030700000001817650000000000000000000000000000000000000000000000000000000000000000000000000
