BS00257808268BS106027846167001                   211116
BS01205387353021500000001                        211116
BS042053873530297000000010000000000000000499710000003012161000000005950041320    30152016111805363239771811162111160000000059500
BS042053873530297000000010000000000000000918710000003012161000000005950041298    30152016111873663231111811162111160000000059500
BS042053873530297000000010000000000000003785710000003012161000000005950041004    54792016111800890029541811162111160000000059500
BS042053873530297000000010000000000000005695710000003012161000000005950040588    93802016111800890014811811162111160000000059500
BS042053873530297000000010000000000000005745710000003012161000000005950040564    30152016111833563230741811162111160000000059500
BS042053873530297000000010000000000000006011710000003012161000000005950040431    72502016111861353560121811162111160000000059500
BS042053873530297000000010000000000000006055710000003012161000000005950040402    23482016111807038728681811162111160000000059500
BS042053873530297000000010000000000000006138710000003012161000000005950040330    23752016111837037431711811162111160000000059500
BS09205387353021500000001      0000000000800000000047600000000000000               00000000000
BS99257808268BS10602000000000010000000000800000000047600000000000000000000000000000000000000000000000000000000000000000000000000
