BS00257808268BS106027946429001                   051216
BS01205387353021500000001                        051216
BS042053873530297000000010000000000000001029710000003012161000000005950041292    50442016120261145575890212160512160000000059500
BS042053873530297000000010000000000000001069710000003012161000000005950041285    30152016120245163378930212160512160000000059500
BS042053873530297000000010000000000000002415710000003012161000000005950041154    34092016120100030689940212160512160000000059500
BS042053873530297000000010000000000000005776710000003012161000000005950040548    07052016120261071804700212160512160000000059500
BS042053873530297000000010000000000000005786710000003012161000000005950040544    30152016120266163378320212160512160000000059500
BS042053873530297000000010000000000000006041710000003012161000000005950040413    30152016120220663373030212160512160000000059500
BS09205387353021500000001      0000000000600000000035700000000000000               00000000000
BS99257808268BS10602000000000010000000000600000000035700000000000000000000000000000000000000000000000000000000000000000000000000
