BS00257808268BS106028148042001                   030117
BS01205387353021100000001                        030117
BS042053873530236000000010000000000000138623261593012161000000005950041365                             3012163012160000000059500
BS042053873530236000000010000000000000698623260453012161000000005950041357                             3012163012160000000059500
BS042053873530236000000010000000000000788481087443012161000000005950041356                             3012163012160000000059500
BS042053873530236000000010000000000000958623260653012161000000005950041355                             3012163012160000000059500
BS042053873530236000000010000000000001228623251233012161000000005950041353                             3012163012160000000059500
BS042053873530236000000010000000000001558623261573012161000000005950041351                             3012163012160000000059500
BS042053873530236000000010000000000001588623260053012161000000005950041350                             3012163012160000000059500
BS042053873530236000000010000000000001628582258753012161000000005950041349                             3012163012160000000059500
BS042053873530236000000010000000000001928623256343012161000000005950041347                             3012163012160000000059500
BS042053873530236000000010000000000001978623262803012161000000005950041345                             3012163012160000000059500
BS042053873530236000000010000000000002678623262103012161000000005950041343                             3012163012160000000059500
BS042053873530236000000010000000000002858623253513012161000000005950041341                             3012163012160000000059500
BS042053873530236000000010000000000002868623258393012161000000005950041340                             3012163012160000000059500
BS042053873530236000000010000000000003139169816283012161000000005950041337                             3012163012160000000059500
BS042053873530236000000010000000000003618623258093012161000000005950041335                             3012163012160000000059500
BS042053873530236000000010000000000003808623250943012161000000005950041334                             3012163012160000000059500
BS042053873530236000000010000000000003848623253323012161000000005950041332                             3012163012160000000059500
BS042053873530236000000010000000000003918623256083012161000000005950041331                             3012163012160000000059500
BS042053873530236000000010000000000003968623249723012161000000005950041329                             3012163012160000000059500
BS042053873530236000000010000000000004068623249563012161000000005950041328                             3012163012160000000059500
BS042053873530236000000010000000000004338623259743012161000000005950041325                             3012163012160000000059500
BS042053873530236000000010000000000004668623254423012161000000005950041324                             3012163012160000000059500
BS042053873530236000000010000000000004678479531803012161000000005950041323                             3012163012160000000059500
BS042053873530236000000010000000000004688623258773012161000000005950041322                             3012163012160000000059500
BS042053873530236000000010000000000005128623255373012161000000005950041319                             3012163012160000000059500
BS042053873530236000000010000000000006768623254183012161000000005950041315                             3012163012160000000059500
BS042053873530236000000010000000000007648623252313012161000000005950041310                             3012163012160000000059500
BS042053873530236000000010000000000007828623254863012161000000005950041307                             3012163012160000000059500
BS042053873530236000000010000000000007918623253843012161000000005950041306                             3012163012160000000059500
BS042053873530236000000010000000000009058519943983012161000000005950041301                             3012163012160000000059500
BS042053873530236000000010000000000009168623251533012161000000005950041299                             3012163012160000000059500
BS042053873530236000000010000000000009588623257953012161000000005950041297                             3012163012160000000059500
BS042053873530236000000010000000000010018623255663012161000000005950041295                             3012163012160000000059500
BS042053873530236000000010000000000010188623253633012161000000005950041294                             3012163012160000000059500
BS042053873530236000000010000000000010518623260913012161000000005950041289                             3012163012160000000059500
BS042053873530236000000010000000000010578623255273012161000000005950041288                             3012163012160000000059500
BS042053873530236000000010000000000010608623261703012161000000005950041287                             3012163012160000000059500
BS042053873530236000000010000000000011048623255303012161000000005950041282                             3012163012160000000059500
BS042053873530236000000010000000000012028623258623012161000000005950041274                             3012163012160000000059500
BS042053873530236000000010000000000012378623253703012161000000005950041270                             3012163012160000000059500
BS042053873530236000000010000000000012658797179663012161000000005950041268                             3012163012160000000059500
BS042053873530236000000010000000000012888623254753012161000000005950041265                             3012163012160000000059500
BS042053873530236000000010000000000013108623257543012161000000005950041263                             3012163012160000000059500
BS042053873530236000000010000000000013198522310313012161000000005950041262                             3012163012160000000059500
BS042053873530236000000010000000000013228623251183012161000000005950041261                             3012163012160000000059500
BS042053873530236000000010000000000013448623252533012161000000005950041260                             3012163012160000000059500
BS042053873530236000000010000000000013708623261783012161000000005950041256                             3012163012160000000059500
BS042053873530236000000010000000000014008623251753012161000000005950041252                             3012163012160000000059500
BS042053873530236000000010000000000014198623260403012161000000005950041249                             3012163012160000000059500
BS042053873530236000000010000000000014728623262233012161000000005950041247                             3012163012160000000059500
BS042053873530236000000010000000000015238623260983012161000000005950041242                             3012163012160000000059500
BS042053873530236000000010000000000015408623251303012161000000005950041240                             3012163012160000000059500
BS042053873530236000000010000000000015778623260263012161000000005950041235                             3012163012160000000059500
BS042053873530236000000010000000000016838623254613012161000000005950041226                             3012163012160000000059500
BS042053873530236000000010000000000016918479531813012161000000005950041225                             3012163012160000000059500
BS042053873530236000000010000000000017008623250553012161000000005950041224                             3012163012160000000059500
BS042053873530236000000010000000000017298623258853012161000000005950041220                             3012163012160000000059500
BS042053873530236000000010000000000017498623254913012161000000005950041217                             3012163012160000000059500
BS042053873530236000000010000000000017578623259853012161000000005950041215                             3012163012160000000059500
BS042053873530236000000010000000000017718623260753012161000000005950041213                             3012163012160000000059500
BS042053873530236000000010000000000017988623261833012161000000005950041209                             3012163012160000000059500
BS042053873530236000000010000000000018168623251023012161000000005950041207                             3012163012160000000059500
BS042053873530236000000010000000000018248623256133012161000000005950041205                             3012163012160000000059500
BS042053873530236000000010000000000018338623254503012161000000005950041202                             3012163012160000000059500
BS042053873530236000000010000000000018458623252673012161000000005950041200                             3012163012160000000059500
BS042053873530236000000010000000000019188623249773012161000000005950041196                             3012163012160000000059500
BS042053873530236000000010000000000019298623250953012161000000005950041195                             3012163012160000000059500
BS042053873530236000000010000000000019408623263573012161000000005950041194                             3012163012160000000059500
BS042053873530236000000010000000000019558623250803012161000000003000039177                             3012163012160000000030000
BS042053873530236000000010000000000019708623263043012161000000005950041193                             3012163012160000000059500
BS042053873530236000000010000000000019998623258823012161000000005950041192                             3012163012160000000059500
BS042053873530236000000010000000000020438623259873012161000000005950041189                             3012163012160000000059500
BS042053873530236000000010000000000020628623255843012161000000005950041186                             3012163012160000000059500
BS042053873530236000000010000000000020758623250873012161000000005950041185                             3012163012160000000059500
BS042053873530236000000010000000000021308623250483012161000000005950041180                             3012163012160000000059500
BS042053873530236000000010000000000021448623253303012161000000005950041178                             3012163012160000000059500
BS042053873530236000000010000000000021538623252293012161000000005950041177                             3012163012160000000059500
BS042053873530236000000010000000000022018623254103012161000000005950041172                             3012163012160000000059500
BS042053873530236000000010000000000022458623255673012161000000005950041169                             3012163012160000000059500
BS042053873530236000000010000000000022608623252853012161000000005950041167                             3012163012160000000059500
BS042053873530236000000010000000000022668480144083012161000000005950041166                             3012163012160000000059500
BS042053873530236000000010000000000023348623256143012161000000005950041164                             3012163012160000000059500
BS042053873530236000000010000000000023358623252513012161000000005950041163                             3012163012160000000059500
BS042053873530236000000010000000000023478623257943012161000000005950041162                             3012163012160000000059500
BS042053873530236000000010000000000023558623254943012161000000005950041161                             3012163012160000000059500
BS042053873530236000000010000000000023698623260093012161000000005950041158                             3012163012160000000059500
BS042053873530236000000010000000000023858608862783012161000000005950041157                             3012163012160000000059500
BS042053873530236000000010000000000024238623258933012161000000005950041152                             3012163012160000000059500
BS042053873530236000000010000000000024258623257643012161000000005950041151                             3012163012160000000059500
BS042053873530236000000010000000000024328623260433012161000000005950041150                             3012163012160000000059500
BS042053873530236000000010000000000024608623250963012161000000005950041149                             3012163012160000000059500
BS042053873530236000000010000000000024618623250313012161000000005950041148                             3012163012160000000059500
BS042053873530236000000010000000000025468623252873012161000000005950041147                             3012163012160000000059500
BS042053873530236000000010000000000025628623249703012161000000005950041144                             3012163012160000000059500
BS042053873530236000000010000000000025908623255633012161000000005950041142                             3012163012160000000059500
BS042053873530236000000010000000000026608522586173012161000000005950041133                             3012163012160000000059500
BS042053873530236000000010000000000026628623262483012161000000005950041132                             3012163012160000000059500
BS042053873530236000000010000000000026728623262313012161000000005950041129                             3012163012160000000059500
BS042053873530236000000010000000000026738623255283012161000000005950041128                             3012163012160000000059500
BS042053873530236000000010000000000027278623255763012161000000005950041123                             3012163012160000000059500
BS042053873530236000000010000000000027418623262503012161000000005950041122                             3012163012160000000059500
BS042053873530236000000010000000000027538623263233012161000000005950041121                             3012163012160000000059500
BS042053873530236000000010000000000027738623250833012161000000005950041118                             3012163012160000000059500
BS042053873530236000000010000000000027868623254543012161000000005950041116                             3012163012160000000059500
BS042053873530236000000010000000000028848623261913012161000000005950041109                             3012163012160000000059500
BS042053873530236000000010000000000029318522586163012161000000005950041104                             3012163012160000000059500
BS042053873530236000000010000000000029618623259633012161000000005950041102                             3012163012160000000059500
BS042053873530236000000010000000000030118623258383012161000000005950041095                             3012163012160000000059500
BS042053873530236000000010000000000030568623253003012161000000005950041092                             3012163012160000000059500
BS042053873530236000000010000000000030828623252713012161000000005950041090                             3012163012160000000059500
BS042053873530236000000010000000000031418623260593012161000000005950041086                             3012163012160000000059500
BS042053873530236000000010000000000031938623261303012161000000005950041081                             3012163012160000000059500
BS042053873530236000000010000000000032068623263003012161000000005950041079                             3012163012160000000059500
BS042053873530236000000010000000000032178623258013012161000000005950041077                             3012163012160000000059500
BS042053873530236000000010000000000032468623257493012161000000005950041074                             3012163012160000000059500
BS042053873530236000000010000000000032548623253443012161000000005950041071                             3012163012160000000059500
BS042053873530236000000010000000000032678623250823012161000000005950041070                             3012163012160000000059500
BS042053873530236000000010000000000032998623261613012161000000005950041068                             3012163012160000000059500
BS042053873530236000000010000000000033018623260693012161000000005950041067                             3012163012160000000059500
BS042053873530236000000010000000000033438623256553012161000000005950041064                             3012163012160000000059500
BS042053873530236000000010000000000033578623262443012161000000005950041062                             3012163012160000000059500
BS042053873530236000000010000000000033798623252953012161000000005950041061                             3012163012160000000059500
BS042053873530236000000010000000000033838623255053012161000000005950041060                             3012163012160000000059500
BS042053873530236000000010000000000034118493939673012161000000005950041057                             3012163012160000000059500
BS042053873530236000000010000000000034178623251943012161000000005950041056                             3012163012160000000059500
BS042053873530236000000010000000000034278623249933012161000000005950041053                             3012163012160000000059500
BS042053873530236000000010000000000034348623252773012161000000005950041051                             3012163012160000000059500
BS042053873530236000000010000000000034398623251223012161000000005950041049                             3012163012160000000059500
BS042053873530236000000010000000000034428623262343012161000000005950041047                             3012163012160000000059500
BS042053873530236000000010000000000034648623251133012161000000005950041045                             3012163012160000000059500
BS042053873530236000000010000000000034688623257513012161000000005950041044                             3012163012160000000059500
BS042053873530236000000010000000000034708543212263012161000000005950041043                             3012163012160000000059500
BS042053873530236000000010000000000034858623257563012161000000005950041042                             3012163012160000000059500
BS042053873530236000000010000000000034898623259673012161000000005950041041                             3012163012160000000059500
BS042053873530236000000010000000000034978623250263012161000000005950041039                             3012163012160000000059500
BS042053873530236000000010000000000035248623256093012161000000005950041034                             3012163012160000000059500
BS042053873530236000000010000000000035258623252703012161000000005950041033                             3012163012160000000059500
BS042053873530236000000010000000000035288623260813012161000000005950041032                             3012163012160000000059500
BS042053873530236000000010000000000035318623249923012161000000005950041031                             3012163012160000000059500
BS042053873530236000000010000000000035468623255083012161000000005950041028                             3012163012160000000059500
BS042053873530236000000010000000000036198623260073012161000000005950041025                             3012163012160000000059500
BS042053873530236000000010000000000036458623263403012161000000005950041020                             3012163012160000000059500
BS042053873530236000000010000000000036628623251003012161000000005950041019                             3012163012160000000059500
BS042053873530236000000010000000000036778623250453012161000000005950041018                             3012163012160000000059500
BS042053873530236000000010000000000036798623250623012161000000005950041017                             3012163012160000000059500
BS042053873530236000000010000000000036988623253193012161000000005950041015                             3012163012160000000059500
BS042053873530236000000010000000000037138623258063012161000000005950041011                             3012163012160000000059500
BS042053873530236000000010000000000037838623260253012161000000005950041005                             3012163012160000000059500
BS042053873530236000000010000000000037908623259583012161000000005950041002                             3012163012160000000059500
BS042053873530236000000010000000000037938623258433012161000000005950041000                             3012163012160000000059500
BS042053873530236000000010000000000037948623263083012161000000005950040999                             3012163012160000000059500
BS042053873530236000000010000000000037958623250273012161000000005950040998                             3012163012160000000059500
BS042053873530236000000010000000000038068623256823012161000000005950040996                             3012163012160000000059500
BS042053873530236000000010000000000038168623254413012161000000005950040995                             3012163012160000000059500
BS042053873530236000000010000000000038368623258363012161000000005950040994                             3012163012160000000059500
BS042053873530236000000010000000000038488623251603012161000000005950040992                             3012163012160000000059500
BS042053873530236000000010000000000038628623253463012161000000005950040991                             3012163012160000000059500
BS042053873530236000000010000000000038718623257683012161000000005950040990                             3012163012160000000059500
BS042053873530236000000010000000000038778623253343012161000000005950040989                             3012163012160000000059500
BS042053873530236000000010000000000038968623252103012161000000005950040986                             3012163012160000000059500
BS042053873530236000000010000000000039088623249903012161000000005950040981                             3012163012160000000059500
BS042053873530236000000010000000000039148623260133012161000000005950040980                             3012163012160000000059500
BS042053873530236000000010000000000039358623252783012161000000005950040977                             3012163012160000000059500
BS042053873530236000000010000000000039948623253823012161000000005950040974                             3012163012160000000059500
BS042053873530236000000010000000000040208623258893012161000000005950040973                             3012163012160000000059500
BS042053873530236000000010000000000040258623262733012161000000005950040972                             3012163012160000000059500
BS042053873530236000000010000000000040288623253763012161000000005950040971                             3012163012160000000059500
BS042053873530236000000010000000000040318623250013012161000000005950040970                             3012163012160000000059500
BS042053873530236000000010000000000040328623251043012161000000005950040969                             3012163012160000000059500
BS042053873530238000000010000000000040608623254263012161000000005950040965                             0000000000000000000000000
BS042053873530236000000010000000000040658623257973012161000000005950040964                             3012163012160000000059500
BS042053873530236000000010000000000040898623254333012161000000005950040961                             3012163012160000000059500
BS042053873530236000000010000000000040988623258143012161000000005950040960                             3012163012160000000059500
BS042053873530236000000010000000000041048522310293012161000000005950040959                             3012163012160000000059500
BS042053873530236000000010000000000041188623252413012161000000005950040956                             3012163012160000000059500
BS042053873530236000000010000000000041268623251483012161000000005950040955                             3012163012160000000059500
BS042053873530236000000010000000000041318623258193012161000000005950040953                             3012163012160000000059500
BS042053873530236000000010000000000041488623256223012161000000005950040951                             3012163012160000000059500
BS042053873530236000000010000000000041688623255483012161000000005950040948                             3012163012160000000059500
BS042053873530236000000010000000000041708623263263012161000000005950040947                             3012163012160000000059500
BS042053873530236000000010000000000041858623261283012161000000005950040946                             3012163012160000000059500
BS042053873530236000000010000000000041878623262753012161000000005950040944                             3012163012160000000059500
BS042053873530236000000010000000000041968623250593012161000000005950040943                             3012163012160000000059500
BS042053873530236000000010000000000042128705231433012161000000005950040939                             3012163012160000000059500
BS042053873530236000000010000000000042698623262153012161000000005950040934                             3012163012160000000059500
BS042053873530236000000010000000000042798623259803012161000000005950040931                             3012163012160000000059500
BS042053873530236000000010000000000042808623261313012161000000005950040930                             3012163012160000000059500
BS042053873530236000000010000000000042988623254273012161000000005950040925                             3012163012160000000059500
BS042053873530236000000010000000000043078623253283012161000000003000039174                             3012163012160000000030000
BS042053873530236000000010000000000043178623257533012161000000005950040924                             3012163012160000000059500
BS042053873530236000000010000000000043218623259093012161000000005950040923                             3012163012160000000059500
BS042053873530236000000010000000000043298623257903012161000000005950040922                             3012163012160000000059500
BS042053873530236000000010000000000043348623262123012161000000005950040920                             3012163012160000000059500
BS042053873530236000000010000000000043618623252893012161000000005950040918                             3012163012160000000059500
BS042053873530236000000010000000000043648623254403012161000000005950040917                             3012163012160000000059500
BS042053873530236000000010000000000043678519944003012161000000005950040916                             3012163012160000000059500
BS042053873530236000000010000000000043808623263283012161000000005950040911                             3012163012160000000059500
BS042053873530236000000010000000000043838623259133012161000000005950040909                             3012163012160000000059500
BS042053873530236000000010000000000043858623260723012161000000005950040908                             3012163012160000000059500
BS042053873530236000000010000000000043898623255933012161000000005950040907                             3012163012160000000059500
BS042053873530236000000010000000000043938623256943012161000000005950040905                             3012163012160000000059500
BS042053873530236000000010000000000043948623259483012161000000005950040904                             3012163012160000000059500
BS042053873530236000000010000000000044008623252653012161000000005950040903                             3012163012160000000059500
BS042053873530236000000010000000000044088623254233012161000000005950040902                             3012163012160000000059500
BS042053873530236000000010000000000044388482605363012161000000005950040899                             3012163012160000000059500
BS042053873530236000000010000000000044588623254563012161000000005950040897                             3012163012160000000059500
BS042053873530236000000010000000000044608623256233012161000000005950040896                             3012163012160000000059500
BS042053873530236000000010000000000044798623261993012161000000005950040892                             3012163012160000000059500
BS042053873530236000000010000000000044808623255923012161000000005950040891                             3012163012160000000059500
BS042053873530236000000010000000000044838623257753012161000000005950040889                             3012163012160000000059500
BS042053873530236000000010000000000044958623252623012161000000005950040887                             3012163012160000000059500
BS042053873530236000000010000000000044978623253583012161000000005950040886                             3012163012160000000059500
BS042053873530236000000010000000000044998623259003012161000000005950040885                             3012163012160000000059500
BS042053873530236000000010000000000045048623256443012161000000005950040884                             3012163012160000000059500
BS042053873530236000000010000000000045078623250153012161000000005950040883                             3012163012160000000059500
BS042053873530236000000010000000000045218623254463012161000000005950040880                             3012163012160000000059500
BS042053873530236000000010000000000045238623256473012161000000005950040879                             3012163012160000000059500
BS042053873530236000000010000000000045468623261723012161000000005950040875                             3012163012160000000059500
BS042053873530236000000010000000000045518623262813012161000000005950040873                             3012163012160000000059500
BS042053873530236000000010000000000045528623255553012161000000005950040872                             3012163012160000000059500
BS042053873530236000000010000000000045538623256963012161000000005950040871                             3012163012160000000059500
BS042053873530236000000010000000000045648623249643012161000000005950040870                             3012163012160000000059500
BS042053873530236000000010000000000045778623263973012161000000005950040867                             3012163012160000000059500
BS042053873530236000000010000000000045788623254123012161000000005950040866                             3012163012160000000059500
BS042053873530236000000010000000000045828493212963012161000000005950040863                             3012163012160000000059500
BS042053873530236000000010000000000045928623263463012161000000005950040861                             3012163012160000000059500
BS042053873530236000000010000000000045938623264183012161000000005950040860                             3012163012160000000059500
BS042053873530236000000010000000000046098623251213012161000000005950040857                             3012163012160000000059500
BS042053873530236000000010000000000046108623256323012161000000005950040856                             3012163012160000000059500
BS042053873530236000000010000000000046138623250283012161000000005950040855                             3012163012160000000059500
BS042053873530236000000010000000000046358623259663012161000000005950040849                             3012163012160000000059500
BS042053873530236000000010000000000046468623256873012161000000005950040846                             3012163012160000000059500
BS042053873530236000000010000000000046568623255403012161000000005950040843                             3012163012160000000059500
BS042053873530236000000010000000000046578623259983012161000000005950040842                             3012163012160000000059500
BS042053873530236000000010000000000046608623260583012161000000005950040840                             3012163012160000000059500
BS042053873530236000000010000000000046658623260873012161000000005950040839                             3012163012160000000059500
BS042053873530236000000010000000000046738623254643012161000000005950040838                             3012163012160000000059500
BS042053873530236000000010000000000046798623254293012161000000005950040836                             3012163012160000000059500
BS042053873530236000000010000000000046918623259463012161000000005950040835                             3012163012160000000059500
BS042053873530236000000010000000000046938623249953012161000000005950040834                             3012163012160000000059500
BS042053873530236000000010000000000047058623259793012161000000005950040832                             3012163012160000000059500
BS042053873530236000000010000000000047288623252033012161000000005950040828                             3012163012160000000059500
BS042053873530236000000010000000000047308623253163012161000000005950040827                             3012163012160000000059500
BS042053873530236000000010000000000047318623261093012161000000005950040826                             3012163012160000000059500
BS042053873530236000000010000000000047398623259813012161000000005950040825                             3012163012160000000059500
BS042053873530236000000010000000000047678623259113012161000000005950040820                             3012163012160000000059500
BS042053873530236000000010000000000047688623257213012161000000005950040819                             3012163012160000000059500
BS042053873530236000000010000000000047728623253693012161000000005950040817                             3012163012160000000059500
BS042053873530236000000010000000000047998623254673012161000000005950040815                             3012163012160000000059500
BS042053873530236000000010000000000048108623258573012161000000005950040813                             3012163012160000000059500
BS042053873530236000000010000000000048148623256003012161000000005950040811                             3012163012160000000059500
BS042053873530236000000010000000000048158623260213012161000000005950040810                             3012163012160000000059500
BS042053873530236000000010000000000048188623260413012161000000005950040809                             3012163012160000000059500
BS042053873530236000000010000000000048238623264143012161000000005950040808                             3012163012160000000059500
BS042053873530236000000010000000000048308623250763012161000000005950040805                             3012163012160000000059500
BS042053873530236000000010000000000048438623257133012161000000005950040803                             3012163012160000000059500
BS042053873530236000000010000000000048488623252723012161000000005950040802                             3012163012160000000059500
BS042053873530236000000010000000000048708623253313012161000000005950040801                             3012163012160000000059500
BS042053873530236000000010000000000048928623251493012161000000005950040796                             3012163012160000000059500
BS042053873530236000000010000000000049168623254153012161000000005950040794                             3012163012160000000059500
BS042053873530236000000010000000000049208623263583012161000000005950040793                             3012163012160000000059500
BS042053873530236000000010000000000049588623252983012161000000005950040789                             3012163012160000000059500
BS042053873530236000000010000000000049638623261923012161000000005950040786                             3012163012160000000059500
BS042053873530236000000010000000000049848623252813012161000000005950040783                             3012163012160000000059500
BS042053873530236000000010000000000050218623249693012161000000005950040778                             3012163012160000000059500
BS042053873530238000000010000000000050268623251353012161000000005950040777                             0000000000000000000000000
BS042053873530236000000010000000000050298623259543012161000000005950040776                             3012163012160000000059500
BS042053873530236000000010000000000050398623251503012161000000005950040775                             3012163012160000000059500
BS042053873530236000000010000000000050418623263363012161000000005950040774                             3012163012160000000059500
BS042053873530236000000010000000000050598623256613012161000000005950040773                             3012163012160000000059500
BS042053873530236000000010000000000050628623262073012161000000005950040771                             3012163012160000000059500
BS042053873530236000000010000000000050678623262523012161000000005950040768                             3012163012160000000059500
BS042053873530236000000010000000000050798623251573012161000000005950040766                             3012163012160000000059500
BS042053873530236000000010000000000050818623257773012161000000005950040765                             3012163012160000000059500
BS042053873530236000000010000000000050918623259343012161000000005950040762                             3012163012160000000059500
BS042053873530236000000010000000000051188623253983012161000000005950040759                             3012163012160000000059500
BS042053873530236000000010000000000051208623249783012161000000005950040758                             3012163012160000000059500
BS042053873530236000000010000000000051228623258633012161000000005950040757                             3012163012160000000059500
BS042053873530236000000010000000000051328623259683012161000000005950040755                             3012163012160000000059500
BS042053873530236000000010000000000051348623254063012161000000005950040754                             3012163012160000000059500
BS042053873530236000000010000000000051418630224173012161000000005950040753                             3012163012160000000059500
BS042053873530236000000010000000000051618623263593012161000000005950040744                             3012163012160000000059500
BS042053873530236000000010000000000051698623255603012161000000005950040742                             3012163012160000000059500
BS042053873530236000000010000000000051758623261253012161000000005950040740                             3012163012160000000059500
BS042053873530236000000010000000000051778623257503012161000000005950040739                             3012163012160000000059500
BS042053873530236000000010000000000051798484569943012161000000005950040738                             3012163012160000000059500
BS042053873530236000000010000000000051828623253473012161000000005950040737                             3012163012160000000059500
BS042053873530236000000010000000000051868623262433012161000000005950040736                             3012163012160000000059500
BS042053873530236000000010000000000052268623253033012161000000005950040730                             3012163012160000000059500
BS042053873530236000000010000000000052288623260783012161000000005950040729                             3012163012160000000059500
BS042053873530236000000010000000000052418623259723012161000000005950040724                             3012163012160000000059500
BS042053873530236000000010000000000052448623263223012161000000005950040723                             3012163012160000000059500
BS042053873530236000000010000000000052458623259653012161000000005950040722                             3012163012160000000059500
BS042053873530236000000010000000000052528623254633012161000000005950040721                             3012163012160000000059500
BS042053873530236000000010000000000052568623256183012161000000005950040719                             3012163012160000000059500
BS042053873530236000000010000000000052598623255523012161000000005950040717                             3012163012160000000059500
BS042053873530238000000010000000000052638623252933012161000000005950040716                             0000000000000000000000000
BS042053873530236000000010000000000052758623250353012161000000005950040714                             3012163012160000000059500
BS042053873530236000000010000000000052798623258323012161000000005950040713                             3012163012160000000059500
BS042053873530236000000010000000000052848623263213012161000000005950040711                             3012163012160000000059500
BS042053873530236000000010000000000052928623250243012161000000005950040710                             3012163012160000000059500
BS042053873530236000000010000000000052998623251203012161000000005950040708                             3012163012160000000059500
BS042053873530236000000010000000000053038623259253012161000000005950040707                             3012163012160000000059500
BS042053873530236000000010000000000053048623249873012161000000005950040706                             3012163012160000000059500
BS042053873530236000000010000000000053148623262203012161000000005950040703                             3012163012160000000059500
BS042053873530236000000010000000000053158623255693012161000000005950040702                             3012163012160000000059500
BS042053873530236000000010000000000053338623255163012161000000005950040699                             3012163012160000000059500
BS042053873530236000000010000000000053398623259413012161000000005950040696                             3012163012160000000059500
BS042053873530236000000010000000000053458623258863012161000000005950040694                             3012163012160000000059500
BS042053873530236000000010000000000053498623262283012161000000005950040693                             3012163012160000000059500
BS042053873530236000000010000000000053558623252503012161000000005950040691                             3012163012160000000059500
BS042053873530236000000010000000000053568623249603012161000000005950040690                             3012163012160000000059500
BS042053873530236000000010000000000053578582072473012161000000005950040689                             3012163012160000000059500
BS042053873530236000000010000000000053748623261883012161000000005950040681                             3012163012160000000059500
BS042053873530236000000010000000000053778623257193012161000000005950040680                             3012163012160000000059500
BS042053873530236000000010000000000053798623253913012161000000005950040679                             3012163012160000000059500
BS042053873530236000000010000000000053838623257713012161000000005950040678                             3012163012160000000059500
BS042053873530236000000010000000000053898623252943012161000000005950040674                             3012163012160000000059500
BS042053873530236000000010000000000053978623260243012161000000005950040671                             3012163012160000000059500
BS042053873530236000000010000000000054008623260343012161000000005950040670                             3012163012160000000059500
BS042053873530236000000010000000000054018623256983012161000000005950040669                             3012163012160000000059500
BS042053873530236000000010000000000054278623260523012161000000005950040665                             3012163012160000000059500
BS042053873530236000000010000000000054378623253723012161000000005950040663                             3012163012160000000059500
BS042053873530236000000010000000000054398623260203012161000000005950040662                             3012163012160000000059500
BS042053873530236000000010000000000054618623254363012161000000005950040658                             3012163012160000000059500
BS042053873530236000000010000000000054778797180113012161000000005950040651                             3012163012160000000059500
BS042053873530236000000010000000000054918623253113012161000000005950040648                             3012163012160000000059500
BS042053873530236000000010000000000054938623259613012161000000005950040647                             3012163012160000000059500
BS042053873530236000000010000000000054958615361533012161000000005950040646                             3012163012160000000059500
BS042053873530236000000010000000000055038797179123012161000000005950040643                             3012163012160000000059500
BS042053873530236000000010000000000055048623252003012161000000005950040642                             3012163012160000000059500
BS042053873530237000000010000000000055058797179793012161000000005950040641                             0000000000000000000000000
BS042053873530236000000010000000000055108797180463012161000000005950040638                             3012163012160000000059500
BS042053873530236000000010000000000055128797179763012161000000005950040637                             3012163012160000000059500
BS042053873530236000000010000000000055228797180593012161000000005950040631                             3012163012160000000059500
BS042053873530236000000010000000000055338797180163012161000000005950040627                             3012163012160000000059500
BS042053873530236000000010000000000055348797180443012161000000005950040626                             3012163012160000000059500
BS042053873530236000000010000000000055368720137903012161000000005950040625                             3012163012160000000059500
BS042053873530236000000010000000000055438703967553012161000000005950040623                             3012163012160000000059500
BS042053873530236000000010000000000055498703967703012161000000005950040621                             3012163012160000000059500
BS042053873530236000000010000000000055568797179143012161000000005950040620                             3012163012160000000059500
BS042053873530236000000010000000000055588703967373012161000000005950040618                             3012163012160000000059500
BS042053873530236000000010000000000055668703967713012161000000005950040615                             3012163012160000000059500
BS042053873530236000000010000000000055698703967583012161000000005950040612                             3012163012160000000059500
BS042053873530236000000010000000000055748703967503012161000000005950040610                             3012163012160000000059500
BS042053873530236000000010000000000056658703967163012161000000005950040602                             3012163012160000000059500
BS042053873530236000000010000000000056738703967443012161000000005950040597                             3012163012160000000059500
BS042053873530236000000010000000000056778797179653012161000000005950040596                             3012163012160000000059500
BS042053873530236000000010000000000056818797179723012161000000005950040594                             3012163012160000000059500
BS042053873530236000000010000000000056848797180193012161000000005950040592                             3012163012160000000059500
BS042053873530236000000010000000000056968797179673012161000000005950040587                             3012163012160000000059500
BS042053873530236000000010000000000057018797180523012161000000005950040586                             3012163012160000000059500
BS042053873530236000000010000000000057048797180213012161000000005950040583                             3012163012160000000059500
BS042053873530236000000010000000000057098797179803012161000000005950040580                             3012163012160000000059500
BS042053873530236000000010000000000057178797179733012161000000005950040577                             3012163012160000000059500
BS042053873530236000000010000000000057208797179483012161000000005950040575                             3012163012160000000059500
BS042053873530236000000010000000000057248797179263012161000000005950040573                             3012163012160000000059500
BS042053873530236000000010000000000057428797180253012161000000005950040567                             3012163012160000000059500
BS042053873530236000000010000000000057438797179683012161000000005950040566                             3012163012160000000059500
BS042053873530236000000010000000000057478797179283012161000000005950040562                             3012163012160000000059500
BS042053873530236000000010000000000057498797179813012161000000005950040561                             3012163012160000000059500
BS042053873530236000000010000000000057508797179393012161000000005950040560                             3012163012160000000059500
BS042053873530238000000010000000000057568797179303012161000000005950040559                             0000000000000000000000000
BS042053873530236000000010000000000057728885454003012161000000005950040551                             3012163012160000000059500
BS042053873530236000000010000000000057818885454493012161000000005950040545                             3012163012160000000059500
BS042053873530238000000010000000000057898885454743012161000000005950040543                             0000000000000000000000000
BS042053873530236000000010000000000057968885454303012161000000005950040541                             3012163012160000000059500
BS042053873530236000000010000000000058068885454663012161000000005950040539                             3012163012160000000059500
BS042053873530236000000010000000000058078885454173012161000000005950040538                             3012163012160000000059500
BS042053873530236000000010000000000058098885454483012161000000005950040537                             3012163012160000000059500
BS042053873530236000000010000000000058148885454023012161000000005950040534                             3012163012160000000059500
BS042053873530237000000010000000000058178885454273012161000000005950040532                             0000000000000000000000000
BS042053873530236000000010000000000058218885454643012161000000005950040529                             3012163012160000000059500
BS042053873530236000000010000000000058228885454123012161000000005950040528                             3012163012160000000059500
BS042053873530236000000010000000000058318885454083012161000000005950040525                             3012163012160000000059500
BS042053873530236000000010000000000058488885454163012161000000005950040520                             3012163012160000000059500
BS042053873530236000000010000000000058548885453933012161000000005950040515                             3012163012160000000059500
BS042053873530236000000010000000000058598885454393012161000000005950040514                             3012163012160000000059500
BS042053873530236000000010000000000058718980889563012161000000005950040508                             3012163012160000000059500
BS042053873530236000000010000000000059148980889523012161000000005950040490                             3012163012160000000059500
BS042053873530236000000010000000000059168980889103012161000000005950040489                             3012163012160000000059500
BS042053873530236000000010000000000059268980889603012161000000005950040485                             3012163012160000000059500
BS042053873530236000000010000000000059358980889203012161000000005950040480                             3012163012160000000059500
BS042053873530236000000010000000000059368980889183012161000000005950040479                             3012163012160000000059500
BS042053873530236000000010000000000059458980889723012161000000005950040475                             3012163012160000000059500
BS042053873530236000000010000000000059498980889403012161000000005950040472                             3012163012160000000059500
BS042053873530236000000010000000000059548980889093012161000000005950040469                             3012163012160000000059500
BS042053873530236000000010000000000059588980888973012161000000005950040466                             3012163012160000000059500
BS042053873530236000000010000000000059598980889543012161000000005950040465                             3012163012160000000059500
BS042053873530236000000010000000000059729101830463012161000000005950040458                             3012163012160000000059500
BS042053873530236000000010000000000059779101830203012161000000005950040454                             3012163012160000000059500
BS042053873530236000000010000000000059869169815973012161000000005950040447                             3012163012160000000059500
BS042053873530236000000010000000000059889101830263012161000000005950040445                             3012163012160000000059500
BS042053873530236000000010000000000059909101830363012161000000005950040443                             3012163012160000000059500
BS042053873530236000000010000000000059929101830653012161000000005950040442                             3012163012160000000059500
BS042053873530236000000010000000000060089101830573012161000000005950040434                             3012163012160000000059500
BS042053873530236000000010000000000060109101830543012161000000005950040432                             3012163012160000000059500
BS042053873530236000000010000000000060269101830303012161000000005950040419                             3012163012160000000059500
BS042053873530236000000010000000000060279101830393012161000000005950040418                             3012163012160000000059500
BS042053873530236000000010000000000060519169816253012161000000005950040406                             3012163012160000000059500
BS042053873530236000000010000000000060589169816133012161000000005950040400                             3012163012160000000059500
BS042053873530236000000010000000000060609169816373012161000000005950040399                             3012163012160000000059500
BS042053873530236000000010000000000060649169816033012161000000005950040395                             3012163012160000000059500
BS042053873530236000000010000000000060809169816403012161000000005950040383                             3012163012160000000059500
BS042053873530236000000010000000000060829169816613012161000000005950040382                             3012163012160000000059500
BS042053873530236000000010000000000060839169815953012161000000005950040381                             3012163012160000000059500
BS042053873530236000000010000000000060859169816353012161000000005950040379                             3012163012160000000059500
BS042053873530236000000010000000000060879169816223012161000000005950040377                             3012163012160000000059500
BS042053873530236000000010000000000060959169816073012161000000005950040369                             3012163012160000000059500
BS042053873530236000000010000000000061009169816483012161000000005950040364                             3012163012160000000059500
BS09205387353021100000001      0000000041000000002391950000000000000               00000000000
BS01205387353021500000001                        030117
BS042053873530297000000010000000000000001097710000003012161000000005950041283    77122017010264511988310201170301170000000059500
BS042053873530297000000010000000000000001276710000003012161000000005950041267    60602017010262972773050201170301170000000059500
BS042053873530297000000010000000000000001529710000003012161000000005950041241    30152017010246463668810201170301170000000059500
BS042053873530297000000010000000000000001547710000003012161000000005950041238    54792017010200890098650201170301170000000059500
BS042053873530297000000010000000000000001618710000003012161000000005950041231    50562017010262414635720201170301170000000059500
BS042053873530297000000010000000000000001795710000003012161000000005950041210    93802017010200890499710201170301170000000059500
BS042053873530297000000010000000000000002117710000003012161000000005950041182    68602017010263278296580201170301170000000059500
BS042053873530297000000010000000000000002638710000003012161000000005950041135    30152017010266240985850201170301170000000059500
BS042053873530297000000010000000000000002783710000003012161000000005950041117    907020170102N3466845680201170301170000000059500
BS042053873530297000000010000000000000002960710000003012161000000003000039175    77122017010264511982150201170301170000000030000
BS042053873530297000000010000000000000002979710000003012161000000005950041098    24402017010287137350860201170301170000000059500
BS042053873530297000000010000000000000003353710000003012161000000005950041063    50952017010262862599310201170301170000000059500
BS042053873530297000000010000000000000003422710000003012161000000005950041055    24692017010277138283050201170301170000000059500
BS042053873530297000000010000000000000003934710000003012161000000005950040978    30152017010297370010720201170301170000000059500
BS042053873530297000000010000000000000004221710000003012161000000005950040938    30152017010293563669520201170301170000000059500
BS042053873530297000000010000000000000004297710000003012161000000005950040926    30152017010278470022760201170301170000000059500
BS042053873530297000000010000000000000004576710000003012161000000005950040868    040020170101N4766537290201170301170000000059500
BS042053873530297000000010000000000000004579710000003012161000000005950040865    06912017010262026940300201170301170000000059500
BS042053873530297000000010000000000000005324710000003012161000000005950040701    27002017010217083273090201170301170000000059500
BS042053873530297000000010000000000000005328710000003012161000000005950040700    77302017010200890033390201170301170000000059500
BS042053873530297000000010000000000000005459710000003012161000000005950040659    54792017010200890306310201170301170000000059500
BS042053873530297000000010000000000000005557710000003012161000000005950040619    76702017010264301707910201170301170000000059500
BS042053873530297000000010000000000000005778710000003012161000000005950040547    77542017010264526688460201170301170000000059500
BS042053873530297000000010000000000000005779710000003012161000000005950040546    60602017010262953206500201170301170000000059500
BS042053873530297000000010000000000000005955710000003012161000000005950040468    30152017010220463668730201170301170000000059500
BS042053873530297000000010000000000000006058710000003012151000000005950029136    22552016123185274274460201170301170000000059500
BS09205387353021500000001      0000000002600000000151750000000000000               00000000000
BS99257808268BS10602000000000020000000043600000002543700000000000000000000000000000000000000000000000000000000000000000000000000
