BS00257808268BS106028048462001                   191216
BS01205387353021500000001                        191216
BS042053873530297000000010000000000000005903710000003012161000000005950040495    50692016121660970420501612161912160000000059500
BS09205387353021500000001      0000000000100000000005950000000000000               00000000000
BS99257808268BS10602000000000010000000000100000000005950000000000000000000000000000000000000000000000000000000000000000000000000
