BS00257808268BS106027856739001                   221116
BS01205387353021500000001                        221116
BS042053873530297000000010000000000000000832710000003012161000000005950041304    30152016112166163266962111162211160000000059500
BS042053873530297000000010000000000000000880710000003012161000000005950041302    30152016112126763243582111162211160000000059500
BS042053873530297000000010000000000000001834710000003012161000000005950041201    22142016112107041708782111162211160000000059500
BS042053873530297000000010000000000000002968710000003012161000000005950041101    22142016112197040857372111162211160000000059500
BS042053873530297000000010000000000000004105710000003012161000000005950040958    71702016112161957252722111162211160000000059500
BS042053873530297000000010000000000000004287710000003012161000000005950040928    30152016112152963231902111162211160000000059500
BS042053873530297000000010000000000000004356710000003012161000000005950040919    30152016112197663243352111162211160000000059500
BS042053873530297000000010000000000000004877710000003012161000000005950040799    06492016112117042976792111162211160000000059500
BS042053873530297000000010000000000000005165710000003012161000000005950040743    22532016112147040427722111162211160000000059500
BS042053873530297000000010000000000000005434710000003012161000000005950040664    23402016112157040732432111162211160000000059500
BS042053873530297000000010000000000000005520710000003012161000000005950040633    30152016112156663255242111162211160000000059500
BS042053873530297000000010000000000000005602710000003012161000000005950040609    30152016112143663255382111162211160000000059500
BS042053873530297000000010000000000000005803710000003012161000000005950040540    93802016112100890165632111162211160000000059500
BS042053873530297000000010000000000000005815710000003012161000000005950040533    30152016112166663269622111162211160000000059500
BS042053873530297000000010000000000000005852710000003012161000000005950040517    71102016112161854640172111162211160000000059500
BS042053873530297000000010000000000000005864710000003012161000000005950040511    08802016112100890052962111162211160000000059500
BS042053873530297000000010000000000000005987710000003012161000000005950040446    30152016112187463254522111162211160000000059500
BS042053873530297000000010000000000000006073710000003012161000000005950040389    974120161119N4137015182111162211160000000059500
BS09205387353021500000001      0000000001800000000107100000000000000               00000000000
BS99257808268BS10602000000000010000000001800000000107100000000000000000000000000000000000000000000000000000000000000000000000000
