BS00257808268BS106027956949001                   061216
BS01205387353021500000001                        061216
BS042053873530297000000010000000000000000843710000003012161000000005950041303    93802016120500890235110512160612160000000059500
BS042053873530297000000010000000000000004084710000003012161000000005950040962    075520161205N3848745450512160612160000000059500
BS042053873530297000000010000000000000004780710000003012161000000005950040816    06492016120507078608380512160612160000000059500
BS042053873530297000000010000000000000005281710000003012161000000005950040712    36112016120567631017200512160612160000000059500
BS042053873530297000000010000000000000005371710000003012161000000005950040684    26702016120577076045350512160612160000000059500
BS042053873530297000000010000000000000005763710000003012161000000005950040556    30152016120593463404900512160612160000000059500
BS042053873530297000000010000000000000006063710000003012161000000005950040396    80752016120562904317990512160612160000000059500
BS042053873530297000000010000000000000006167710000003012161000000005950040302    30152016120555763407870512160612160000000059500
BS042053873530297000000010000000000000006189710000003012161000000005950040280    54792016120500890103790512160612160000000059500
BS042053873530297000000010000000000000006192710000003012161000000005950040277    50182016120561580308370512160612160000000059500
BS09205387353021500000001      0000000001000000000059500000000000000               00000000000
BS99257808268BS10602000000000010000000001000000000059500000000000000000000000000000000000000000000000000000000000000000000000000
