BS00257808268BS106028157418001                   040117
BS01205387353021500000001                        040117
BS042053873530297000000010000000000000001110710000003012161000000005950041281    50712017010361305277710301170401170000000059500
BS042053873530297000000010000000000000004201710000003012161000000005950040942    59992017010300890032780301170401170000000059500
BS042053873530297000000010000000000000004720710000003012161000000005950040830    93802017010300890130600301170401170000000059500
BS042053873530297000000010000000000000006150710000003012161000000005950040318    05222017010361036708390301170401170000000059500
BS09205387353021500000001      0000000000400000000023800000000000000               00000000000
BS99257808268BS10602000000000010000000000400000000023800000000000000000000000000000000000000000000000000000000000000000000000000
