BS00257808268BS106028059861001                   201216
BS01205387353021500000001                        201216
BS042053873530297000000010000000000000005016710000003012161000000005950040780    30152016121940663543571912162012160000000059500
BS042053873530297000000010000000000000006047710000003012161000000005950040408    30152016121903963515091912162012160000000059500
BS09205387353021500000001      0000000000200000000011900000000000000               00000000000
BS99257808268BS10602000000000010000000000200000000011900000000000000000000000000000000000000000000000000000000000000000000000000
