BS00257808268BS106028165675001                   050117
BS01205387353021500000001                        050117
BS042053873530297000000010000000000000002864710000003012161000000005950041111    938820170104N4069469460401170501170000000059500
BS042053873530297000000010000000000000003737710000003012161000000005950041008    93802017010400890008030401170501170000000059500
BS042053873530297000000010000000000000003897710000003012161000000005950040985    81142017010400890097180401170501170000000059500
BS042053873530297000000010000000000000004491710000003012161000000005950040888    30152017010425570042470401170501170000000059500
BS042053873530297000000010000000000000005142710000003012161000000005950040752    907020170103N2094463940401170501170000000059500
BS042053873530297000000010000000000000005768710000003012161000000005950040553    81132017010400890064500401170501170000000059500
BS042053873530297000000010000000000000005931710000003012161000000005950040483    93802017010400890059300401170501170000000059500
BS09205387353021500000001      0000000000700000000041650000000000000               00000000000
BS99257808268BS10602000000000010000000000700000000041650000000000000000000000000000000000000000000000000000000000000000000000000
