BS00257808268BS106027865725001                   231116
BS01205387353021500000001                        231116
BS042053873530297000000010000000000000001215710000003012161000000005950041273    67372016112261055256942211162311160000000059500
BS042053873530297000000010000000000000001519710000003012161000000005950041244    50172016112260924679462211162311160000000059500
BS042053873530297000000010000000000000005826710000003012161000000005950040526    30152016112236163271582211162311160000000059500
BS042053873530297000000010000000000000005863710000003012161000000005950040512    76702016112261321348022211162311160000000059500
BS042053873530297000000010000000000000005963710000003012161000000005950040462    73602016112261242429592211162311160000000059500
BS042053873530297000000010000000000000006057710000003012161000000005950040401    30152016112294563273092211162311160000000059500
BS09205387353021500000001      0000000000600000000035700000000000000               00000000000
BS99257808268BS10602000000000010000000000600000000035700000000000000000000000000000000000000000000000000000000000000000000000000
