BS00257808268BS106027965700001                   071216
BS01205387353021500000001                        071216
BS042053873530297000000010000000000000001715710000003012161000000005950041221    26902016120687080222960612160712160000000059500
BS042053873530297000000010000000000000001754710000003012161000000005950041216    22052016120657082582830612160712160000000059500
BS042053873530297000000010000000000000006190710000003012161000000005950040279    30152016120684763413720612160712160000000059500
BS09205387353021500000001      0000000000300000000017850000000000000               00000000000
BS99257808268BS10602000000000010000000000300000000017850000000000000000000000000000000000000000000000000000000000000000000000000
