BS00257808268BS106028070323001                   211216
BS01205387353021500000001                        211216
BS042053873530297000000010000000000000004527710000003012161000000005950040878    30152016122065263239472012162112160000000059500
BS042053873530297000000010000000000000006188710000003012161000000005950040281    30152016122076763255692012162112160000000059500
BS09205387353021500000001      0000000000200000000011900000000000000               00000000000
BS99257808268BS10602000000000010000000000200000000011900000000000000000000000000000000000000000000000000000000000000000000000000
