BS00257808268BS106027875134001                   241116
BS01205387353021500000001                        241116
BS042053873530297000000010000000000000002911710000003012161000000005950041105    76702016112361233128462311162411160000000059500
BS042053873530297000000010000000000000004392710000003012161000000005950040906    36112016112385011744492311162411160000000059500
BS042053873530297000000010000000000000005518710000003012161000000005950040634    80752016112361423859132311162411160000000059500
BS042053873530297000000010000000000000005880710000003012161000000005950040505    986520161123N3238899292311162411160000000059500
BS042053873530297000000010000000000000006023710000003012161000000005950040421    618120161123N3939188952311162411160000000059500
BS09205387353021500000001      0000000000500000000029750000000000000               00000000000
BS99257808268BS10602000000000010000000000500000000029750000000000000000000000000000000000000000000000000000000000000000000000000
