BS00257808268BS106028175778001                   060117
BS01205387353021500000001                        060117
BS042053873530297000000010000000000000000131710000003012161000000005950041352    21482017010577149333350501170601170000000059500
BS09205387353021500000001      0000000000100000000005950000000000000               00000000000
BS99257808268BS10602000000000010000000000100000000005950000000000000000000000000000000000000000000000000000000000000000000000000
