BS00257808268BS106027977284001                   081216
BS01205387353021500000001                        081216
BS042053873530297000000010000000000000001385710000003012161000000005950041253    907020161207N3750192960712160812160000000059500
BS042053873530297000000010000000000000003440710000003012161000000005950041048    96862016120700890015860712160812160000000059500
BS042053873530297000000010000000000000004132710000003012161000000005950040952    650820161207N3450041900712160812160000000059500
BS09205387353021500000001      0000000000300000000017850000000000000               00000000000
BS99257808268BS10602000000000010000000000300000000017850000000000000000000000000000000000000000000000000000000000000000000000000
