BS00257808268BS106028079467001                   221216
BS01205387353021500000001                        221216
BS042053873530297000000010000000000000003714710000003012161000000005950041010    54702016122100890039782112162212160000000059500
BS042053873530297000000010000000000000006012710000003012161000000005950040430    50182016122160919579452112162212160000000059500
BS09205387353021500000001      0000000000200000000011900000000000000               00000000000
BS99257808268BS10602000000000010000000000200000000011900000000000000000000000000000000000000000000000000000000000000000000000000
