BS00257808268BS106027883189001                   251116
BS01205387353021500000001                        251116
BS042053873530297000000010000000000000000419710000003012161000000005950041326    30152016112422863288622411162511160000000059500
BS042053873530297000000010000000000000001306710000003012161000000005950041264    30152016112416063298932411162511160000000059500
BS042053873530297000000010000000000000001818710000003012161000000005950041206    21502016112417046020892411162511160000000059500
BS042053873530297000000010000000000000003135710000003012161000000005950041087    30152016112479463290442411162511160000000059500
BS042053873530297000000010000000000000004639710000003012161000000005950040847    36112016112445011737742411162511160000000059500
BS042053873530297000000010000000000000005157710000003012161000000005950040746    30152016112473363290252411162511160000000059500
BS042053873530297000000010000000000000006020710000003012161000000005950040424    30152016112463263299782411162511160000000059500
BS042053873530297000000010000000000000006157710000003012161000000005950040312    78372016112461343340772411162511160000000059500
BS042053873530297000000010000000000000006182710000003012161000000005950040287    50112016112461312848792411162511160000000059500
BS09205387353021500000001      0000000000900000000053550000000000000               00000000000
BS99257808268BS10602000000000010000000000900000000053550000000000000000000000000000000000000000000000000000000000000000000000000
