BS00257808268BS106027985380001                   091216
BS01205387353021500000001                        091216
BS042053873530297000000010000000000000001420710000003012161000000005950041248    36112016120827461365120812160912160000000059500
BS042053873530297000000010000000000000003153710000003012161000000005950041085    651020161207N4350436200812160912160000000059500
BS09205387353021500000001      0000000000200000000011900000000000000               00000000000
BS99257808268BS10602000000000010000000000200000000011900000000000000000000000000000000000000000000000000000000000000000000000000
