BS00257808268BS106028187531001                   090117
BS01205387353021500000001                        090117
BS042053873530297000000010000000000000004379710000003012161000000005950040912    81172017010600890080460601170901170000000059500
BS042053873530297000000010000000000000005989710000003012161000000005950040444    74502017010662066479900601170901170000000059500
BS09205387353021500000001      0000000000200000000011900000000000000               00000000000
BS99257808268BS10602000000000010000000000200000000011900000000000000000000000000000000000000000000000000000000000000000000000000
