BS00257808268BS106028088584001                   231216
BS01205387353021500000001                        231216
BS042053873530297000000010000000000000001381710000003012161000000005950041254    986020161222N3259286202212162312160000000059500
BS042053873530297000000010000000000000006118710000003012161000000005950040349    93802016122200890108822212162312160000000059500
BS09205387353021500000001      0000000000200000000011900000000000000               00000000000
BS99257808268BS10602000000000010000000000200000000011900000000000000000000000000000000000000000000000000000000000000000000000000
