BS00257808268BS106027895136001                   281116
BS01205387353021500000001                        281116
BS042053873530297000000010000000000000003923710000003012161000000005950040979    71702016112561055408612511162811160000000059500
BS042053873530297000000010000000000000005918710000003012161000000005950040488    907020161124A4540082582511162811160000000059500
BS09205387353021500000001      0000000000200000000011900000000000000               00000000000
BS99257808268BS10602000000000010000000000200000000011900000000000000000000000000000000000000000000000000000000000000000000000000
