BS00257808268BS106027996582001                   121216
BS01205387353021500000001                        121216
BS042053873530297000000010000000000000005703710000003012161000000005950040584    30152016120951263445360912161212160000000059500
BS09205387353021500000001      0000000000100000000005950000000000000               00000000000
BS99257808268BS10602000000000010000000000100000000005950000000000000000000000000000000000000000000000000000000000000000000000000
