BS00257808268BS106028199187001                   100117
BS01205387353021500000001                        100117
BS042053873530297000000010000000000000005213710000003012161000000005950040731    77802017010962844042950901171001170000000059500
BS042053873530297000000010000000000000006009710000003012161000000005950040433    64822017010962065927160901171001170000000059500
BS042053873530297000000010000000000000006094710000003012161000000005950040370    75352017010962654541170901171001170000000059500
BS042053873530297000000010000000000000006146710000003012161000000005950040322    168720170108N3671732100901171001170000000059500
BS09205387353021500000001      0000000000400000000023800000000000000               00000000000
BS99257808268BS10602000000000010000000000400000000023800000000000000000000000000000000000000000000000000000000000000000000000000
